2392 3750
589 819 667 870 ΙΙΙ.
726 818 878 881 Quid
917 818 1127 869 valeat
1158 817 1252 866 ius
1291 815 1636 866 iurandum.

851 1125 902 1163 Α.
961 1123 1009 1163 ln
1038 1124 1140 1163 vita
1168 1123 1367 1171 publica.

314 1249 470 1303 Capite
516 1251 740 1304 superiore
783 1256 1019 1304 postquam
1062 1250 1264 1300 vidimus,
1309 1262 1387 1290 cur
1426 1248 1544 1301 apud
1587 1247 1779 1302 tragicos
1811 1253 1968 1300 poetas

254 1322 432 1373 iuretur,
477 1323 826 1378 investigandum
869 1334 985 1363 nunc
1029 1327 1110 1373 est,
1154 1335 1267 1375 quae
1315 1321 1419 1362 iuris
1451 1320 1621 1361 iurandi
1652 1319 1769 1372 apud
1802 1332 1879 1360 eos
1911 1318 1968 1359 sit

253 1394 331 1444 vis,
374 1394 431 1435 ad
473 1407 604 1448 quam
646 1394 926 1435 statuendam
958 1394 1146 1446 primum
1179 1393 1467 1434 observemus
1499 1393 1754 1441 iuramenta,
1787 1391 1843 1432 ad
1875 1404 1968 1432 rem

252 1464 471 1518 publicam
504 1466 834 1519 quodammodo
866 1479 980 1520 quae
1010 1465 1274 1518 pertineant,
1308 1463 1484 1517 publice
1515 1463 1640 1518 quasi
1675 1463 1790 1514 data,
1809 1462 1969 1504 deinde

252 1549 319 1590 ea,
351 1550 464 1591 quae
495 1538 691 1579 iurentur
708 1537 938 1591 privatim.

312 1608 581 1651 Notissimus
637 1616 705 1650 est
761 1609 883 1650 locus
930 1608 998 1649 ille
1045 1607 1252 1664 Lycurgi,
1304 1608 1379 1649 ubi
1422 1607 1464 1648 in
1511 1607 1710 1648 oratione
1757 1607 1968 1648 adversus

254 1680 518 1722 Leocratem
550 1681 698 1723 habita
729 1681 835 1734 (79),
868 1679 1163 1722 Athenienses
1195 1676 1531 1733 alloquenszna}
1549 1675 1669 1725 τοῦθ,
1686 1679 1840 1732 inquit,
1858 1677 1969 1728 ὑμᾶς

253 1750 316 1792 δεῖ
351 1748 503 1801 μαθεῖν
548 1749 606 1793 ὅτι
647 1750 692 1792 τὸ
725 1750 896 1803 σύνεχον
939 1750 1008 1798 τὴν
1040 1748 1317 1801 δημοκρατίαν
1348 1747 1458 1801 ὅρκος
1490 1748 1591 1790 ἐστι’·
1624 1747 1719 1801 τρία
1751 1747 1833 1801 γάρ
1865 1749 1968 1790 ἐστιν

254 1821 299 1874 ἐξ
342 1819 391 1865 ὦν
434 1823 455 1872 ἦ
496 1821 687 1864 mairem
728 1822 976 1871 συνέστηκεν·
1019 1821 1037 1863 ὃ
1081 1819 1239 1873 ἄρχων,
1283 1820 1299 1862 ὃ
1330 1819 1536 1873 δικαστής,
1568 1819 1585 1862 o‘
1618 1819 1786 1869 ἰδιώτης.
1819 1818 1969 1862 τούτων

254 1894 375 1937 τοίνυν
409 1893 576 1942 ἕκαστος
606 1893 756 1942 ταύτην
790 1893 924 1935 πίστιν
956 1892 1126 1941 δίδωσιν,
1157 1891 1326 1940 εἶκότως.

314 1967 446 2022 Apud
492 1966 617 2018 alios,
664 1968 755 2008 sive
796 1967 888 2008 fere
931 1967 1071 2008 isdem
1113 1966 1205 2007 sive
1246 1965 1340 2007 aliis
1382 1966 1527 2007 verbis
1559 1965 1715 2006 eadem
1747 1964 1967 2016 dicuntur,

254 2039 368 2081 inter
408 2052 520 2094 quos
562 2039 775 2092 imprimis
807 2038 1012 2080 laudandi
1043 2044 1144 2079 sunt
1177 2036 1431 2079 Andocides
1452 2034 1485 2092 ¹)
1518 2042 1562 2078 et
1594 2036 1751 2090 Lysias
1769 2034 1814 2092 ²),
1857 2035 1969 2080 Con-

255 2111 370 2166 gruit
410 2123 528 2159 usus,
571 2111 646 2164 qui
687 2122 951 2164 permagnus
982 2109 1085 2150 iuris
1117 2109 1286 2150 iurandi
1317 2109 1361 2149 in
1392 2109 1553 2150 iudicio
1585 2115 1692 2157 erat,
1725 2114 1887 2159 tantus,
1921 2114 1970 2149 ut

253 2182 481 2224 Platonem
523 2188 807 2236 querentem:
849 2180 891 2221 εὐ
924 2178 1077 2234 εἰδέναι,
1109 2180 1351 2232 audiamus,
1384 2181 1552 2231 σμικροῦ
1582 2178 1658 2220 δεῖν
1693 2177 1784 2226 τοὺς
1815 2177 1970 2229 ἡμίσεις

255 2251 385 2293 αὐτῶν
428 2248 677 2307 (Ἀθηναίων
720 2252 798 2304 sc.)
841 2248 1134 2302 ἐπιωρκηκότας
1160 2246 1205 2301 ³).
1248 2250 1342 2292 Nec
1384 2251 1426 2291 in
1463 2251 1730 2306 tragicorum
1762 2250 1970 2303 operibus

254 2324 414 2366 desunt
461 2324 620 2364 indicia
666 2336 691 2364 e
737 2323 898 2377 quibus
945 2322 1179 2376 plurimum
1211 2322 1411 2364 adhiberi
1442 2322 1508 2363 ius
1541 2321 1770 2363 iurandum
1802 2321 1847 2362 in
1880 2322 1969 2362 vita

255 2396 430 2450 publica
475 2402 672 2449 apparet,
716 2408 982 2449 quamquam
1023 2394 1325 2448 unusquisque
1368 2393 1496 2435 facile
1539 2407 1630 2434 rem
1674 2406 1853 2445 prorsus
1884 2393 1969 2434 alio

255 2468 390 2510 modo
421 2469 464 2509 in
495 2467 733 2522 tragoediis
766 2480 813 2509 se
845 2467 1006 2508 habere
1038 2471 1171 2520 atque
1202 2466 1245 2506 in
1262 2466 1470 2519 operibus
1487 2470 1712 2506 oratorum
1731 2464 1969 2521 intelleget.

255 2539 468 2582 Oratores
510 2539 629 2580 omni
671 2553 728 2580 ex
770 2546 896 2592 parte
938 2551 1038 2580 cum
1073 2550 1118 2579 re
1149 2537 1324 2591 publica
1351 2543 1473 2578 erant
1492 2537 1728 2586 coniuncti,
1748 2537 1970 2578 orationes

255 2626 357 2654 suas
397 2612 453 2654 ad
492 2612 658 2653 iudices
703 2611 974 2665 plerumque,
1017 2611 1073 2652 ad
1104 2610 1386 2665 magistratus
1418 2608 1596 2660 habent,
1629 2609 1803 2662 saepius
1835 2614 1971 2665 agunt

255 2684 311 2726 de
343 2684 488 2735 rebus,
519 2683 575 2724 ad
606 2689 747 2724 totam
779 2683 1000 2724 civitatem
1033 2696 1146 2737 quae
1173 2682 1407 2735 pertinent.
1441 2680 1698 2723 Admonent
1732 2686 1776 2722 et
1804 2680 1970 2723 iudices

257 2761 301 2797 et
347 2761 486 2797 testes
532 2755 588 2796 de
634 2754 889 2796 iuramentis
938 2755 1030 2796 sive
1073 2755 1115 2796 in
1155 2753 1348 2795 ineundo
1381 2753 1655 2807 magistratu,
1688 2753 1779 2794 sive
1812 2752 1868 2794 ad
1901 2765 1969 2794 res

309 2974 341 3017 1)
367 2973 414 3011 cf.
441 2973 589 3010 Ando
604 2984 636 3010 c.
667 2984 695 3017 1,
722 2983 761 3018 9:
788 2974 863 3015 δρῦν
889 2971 974 3015 ὑμᾶς
999 2972 1056 3006 καὶ
1081 2973 1111 3005 ἒν
1137 2974 1205 3010 τοῖς
1230 2971 1318 3010 ἰδίοις
1342 2975 1396 3006 καὶ
1423 2972 1454 3005 ἐν
1467 2973 1531 3009 τοῖς
1545 2970 1713 3013 &meelate
1725 2972 1968 3014 rapinam-ou

257 3035 358 3067 τοῦτο
383 3033 589 3076 ποιουμένους
615 3030 826 3076 ψηφζισθαι
851 3034 942 3066 κατὰ
966 3034 1044 3070 τοὺς
1075 3033 1179 3074 ὅρκους
1205 3033 1278 3075 ὅπερ
1303 3035 1357 3066 καὶ
1382 3031 1515 3075 συνέχει
1541 3034 1637 3073 μόνον
1662 3033 1721 3071 τὴν
1747 3034 1851 3068 πόλιν.

306 3096 343 3137 2)
367 3093 416 3131 cf.
443 3094 474 3129 L
487 3105 511 3140 y
525 3105 553 3130 s.
583 3093 641 3129 De
668 3092 743 3130 Sal.
768 3093 823 3129 rei
847 3092 949 3140 publ.
970 3104 1014 3137 29
1030 3105 1038 3135 ς
1064 3092 1113 3128 cs.
1129 3099 1335 3139 praeterea
1350 3093 1471 3137 locos,
1486 3103 1586 3139 quos
1601 3091 1714 3128 affert
1729 3092 1761 3128 L
1775 3103 1797 3128 a
1811 3104 1830 3129 s
1844 3103 1866 3128 a
1880 3104 1904 3128 u
1918 3092 1927 3127 1
1943 3104 1968 3128 κ

257 3163 293 3191 ο.
318 3153 358 3189 l.:
386 3153 472 3200 Lys.
500 3152 562 3199 Vl,
588 3163 643 3197 39,
670 3162 739 3199 453
765 3152 866 3197 XVI,
892 3154 949 3195 88,
976 3156 1044 3197 89;
1071 3152 1196 3194 XXV,
1224 3163 1279 3196 23,
1308 3154 1363 3198 28,
1391 3162 1459 3196 3⁴3
1486 3152 1626 3191 xxvl.
1658 3155 1709 3188 16.

306 3214 341 3258 3)
366 3212 415 3248 cf.
442 3212 560 3260 Legg.
588 3212 659 3248 ΧΠ
684 3224 721 3259 p.
746 3214 828 3257 948,
855 3212 894 3250 B.
921 3211 1050 3258 deque
1075 3212 1156 3247 iure
1184 3212 1347 3247 iurando
1373 3212 1412 3247 in
1438 3212 1584 3247 iudicio
1610 3213 1767 3258 saepius
1793 3211 1969 3249 adhibito

257 3272 581 3310 Meier—Schom.
609 3271 688 3309 Der
713 3271 892 3308 Attische
917 3271 1093 3308 Process.
1119 3282 1182 3318 pp.
1209 3273 1292 3318 825,
1317 3273 1398 3316 898.
