2392 3750
1180 325 1236 369 74

346 451 390 492 id
422 451 542 505 quod
574 449 718 492 Hirzel
752 455 906 503 putare
940 448 1112 490 videtur
1132 445 1177 500 ¹),
1213 453 1314 501 post
1349 447 1690 500 perpendemus,
1722 447 1798 489 ubi
1829 447 1964 489 etiam
1996 459 2062 497 ea,

346 536 459 577 quae
491 522 730 575 respondet
763 521 977 570 Theseus,
1011 519 1257 560 accuratius
1290 525 1392 560 sunt
1423 518 1712 569 observanda,
1746 518 1821 572 qui

510 594 653 642 οὔκουν,
689 593 837 642 refert,
871 589 976 641 πέρα
1009 592 1051 639 γ’
1072 587 1121 630 ἂν
1154 588 1261 631 οὐδὲν
1295 588 1316 637 ἤ
1351 587 1460 641 λόγῳ
1493 586 1625 640 Φέροις
1657 593 1734 639 (sc.
1767 586 1895 643 ὅρκῳ).

410 695 462 701 -—
503 681 626 723 1145.
661 669 863 711 Theseus
895 682 943 710 se
978 669 1044 710 ius
1077 668 1307 709 iurandum
1341 668 1584 708 servavisse
1615 667 1868 708 confirmat:
1902 662 1951 707 ὧν
1985 664 2066 717 γὰρ

348 740 469 792 &savo-¹
512 741 582 782 οὐκ
618 737 854 792 ἐψευσάμην
886 737 990 780 οὐδέν
1023 753 1068 779 σε
1099 751 1181 780 nec
1216 739 1382 780 iniuria.
1417 737 1586 780 Puellas
1618 739 1782 792 quippe
1805 739 1995 780 servavit
2011 735 2066 791 2),

347 821 396 856 ut
428 827 491 855 vs.
531 814 639 864 1038
669 811 1056 865 spoponderat...
1082 844 1089 851 .
1123 808 1171 850 σὺ
1205 808 1240 851 δ’
1260 811 1369 860 ἡμῖν,
1402 808 1593 856 Οἶδίπους
1626 810 1829 864 inquiens

707 881 846 930 ἑκηλὸς
877 882 1004 923 αὐτοῦ
1035 880 1172 932 μίμνε,
1209 878 1515 928 πιστωθεὶς
1542 879 1575 934 ⁸)
1608 878 1666 922 ὅτι

707 953 748 1002 ἥν
780 953 837 1004 μὴ
873 950 988 995 θάνω
1022 953 1094 1003 ’γὼ
1126 950 1302 1005 πρόσθεν
1334 952 1434 1005 οὐχί
1464 950 1675 1002 παύσομαι

708 1023 799 1077 πρὶν
832 1022 880 1066 ἄν
912 1040 956 1066 σε
989 1026 1065 1065 τῶν
1099 1026 1172 1065 σῶν
1206 1022 1332 1076 κύριον
1360 1024 1493 1072 στήσω
1524 1022 1680 1065 τέκνων.

351 1100 465 1143 Creo
497 1100 636 1141 minas
668 1112 769 1140 suas
801 1098 1013 1151 perficere
1045 1111 1134 1139 non
1167 1098 1312 1154 potuit
1335 1094 1389 1152 ⁴).

410 1201 465 1208 —
506 1177 615 1230 1637
648 1176 824 1217 nuntius
858 1181 1004 1216 narrat
1036 1174 1261 1216 Theseum
1298 1173 1521 1228 Oedipodi
1554 1174 1849 1227 spopondisse
1881 1187 1929 1215 se
1962 1172 2070 1215 filias

351 1251 444 1291 eius
485 1254 743 1299 tutaturum,
788 1246 849 1298 ὡς,
894 1247 1034 1300 inquit
1077 1246 1158 1297 ille,
1202 1244 1298 1297 ἀνὴρ
1330 1246 1507 1294 γεννᾶιος
1539 1244 1607 1285 οὐκ
1639 1245 1769 1286 οἴκτου
1800 1242 1925 1294 μέτα,
1955 1243 2072 1286 Nihil

350 1321 595 1363 lamentans
627 1320 767 1361 virum
803 1319 964 1360 fortem
998 1331 1045 1359 se
1077 1320 1330 1371 praestabat
1353 1316 1399 1365 ⁵).

415 1416 466 1422 —
506 1392 630 1445 1767.
664 1390 863 1444 Oedipus
895 1396 1095 1431 vetuerat
1126 1390 1305 1444 quidem
1338 1402 1402 1430 vs.
1441 1397 1549 1442 1522
1583 1387 1834 1441 sepulcrum
1870 1389 2073 1442 cuiquam

351 1464 545 1514 indicari,
578 1464 654 1505 ubi
684 1462 861 1504 Theseo
891 1462 1030 1501 τοῦτον
1062 1459 1103 1501 δὲ
1137 1462 1283 1514 (χῶρον
1315 1474 1375 1502 sc.
1409 1456 1449 1501 οὗ
1483 1474 1537 1510 με
1572 1460 1655 1511 χρὴ
1688 1456 1848 1512 θανεῖν)
1872 1460 2073 1513 imperat,

354 1531 490 1590 φράζε
530 1533 682 1584 μήποτ’
725 1530 949 1584 ἀνθρώπων
992 1531 1084 1584 τινί,
1128 1533 1280 1574 addito
1312 1533 1557 1586 promisso:
1597 1528 1756 1583 χοῦτως
1787 1528 1907 1583 ἀδῇον
1931 1529 2002 1579 τήν
2034 1527 2071 1571 δ’

353 1606 556 1655 ἑνοικήσεις
588 1604 704 1647 πόλιν
739 1606 931 1656 σπαρτῶν
963 1604 1036 1645 ἀπ’
1071 1603 1233 1656 ἀνδρῶν,
1266 1605 1346 1646 sed
1377 1603 1459 1645 illis
1488 1605 1633 1645 verbis
1650 1603 1754 1645 nihil
1771 1609 1875 1644 tunc
1894 1615 2075 1656 respon-

354 1680 479 1722 derat
511 1678 725 1731 Theseus,
758 1678 834 1732 qui
866 1678 998 1719 etiarn
1036 1677 1147 1729 1514
1165 1675 1270 1718 nihil
1287 1676 1461 1718 dixerat
1477 1676 1581 1716 nisi:
1601 1672 1707 1726 χῶτι
1726 1674 1806 1726 χρὴ
1823 1676 1944 1714 ποιεῖν
1962 1671 2074 1722 λέγε.

413 1751 500 1794 Ubi
532 1751 662 1806 igitur
694 1764 756 1791 vs.
796 1750 908 1802 1760
939 1763 1035 1803 sqq.
1070 1762 1149 1790 rex
1181 1748 1321 1790 multo
1353 1748 1600 1789 accuratius
1633 1761 1697 1798 ea,
1733 1760 1847 1801 quae
1876 1745 2076 1799 Oedipus

355 1824 493 1873 iussit,
527 1823 690 1864 indicat
722 1821 951 1876 multoque
984 1820 1208 1874 copiosius
1242 1821 1335 1862 eius
1367 1820 1580 1872 imperata
1612 1819 1809 1872 exponit,
1842 1816 2075 1859 verisimile

355 1896 528 1938 videtur
568 1896 727 1936 iterum
770 1893 971 1935 exsulem
1017 1906 1118 1934 eum
1166 1893 1222 1933 de
1254 1892 1335 1933 hac
1368 1905 1417 1932 re
1451 1891 1676 1932 monuisse
1708 1896 1841 1944 atque
1873 1896 1978 1931 tunc
2009 1889 2076 1931 ius

355 1967 587 2009 iurandum
626 1968 681 2009 ab
727 1980 780 2007 eo
827 1966 1043 2021 exegisse,
1077 1977 1345 2019 quamquam
1393 1963 1498 2016 ipsis
1531 1962 1677 2004 verbis
1708 1962 1793 2004 hoc
1825 1961 1944 2002 nullo
1976 1961 2075 2003 loco

357 2039 586 2080 indicatur.

415 2109 487 2152 Ad
519 2111 604 2151 hoc
640 2111 907 2163 promissum
940 2108 1161 2162 pertinere
1194 2108 1398 2149 videntur
1432 2120 1496 2158 ea,
1533 2119 1646 2160 quae
1662 2105 1846 2161 legimus
1863 2118 1927 2148 vs,
1951 2105 2076 2158 1766,

357 2183 432 2225 ubi
478 2182 693 2236 Theseus,
743 2189 980 2236 postquam
1029 2179 1280 2233 sepulcrum
1328 2179 1520 2221 indicare
1568 2178 1798 2228 recusavit,
1847 2178 1967 2218 ταῦτ’
1999 2170 2077 2224 οὖν,

412 2423 444 2461 1)
471 2420 519 2456 cf.
547 2420 736 2455 Hirzel
762 2430 797 2456 0.
826 2418 846 2454 l.
875 2430 912 2465 p.
943 2429 1019 2462 133.

409 2483 444 2521 2)
471 2480 578 2515 Idem
610 2489 700 2523 1127
727 2479 899 2514 dixerat:
926 2476 1034 2510 τάσδε
1047 2479 1113 2519 γὰρ
1127 2476 1260 2518 πάρειμ’
1275 2475 1366 2518 ἷέγων
1381 2474 1490 2519 ζώσας
1503 2474 1691 2516 ἀκραιφνεῖς
1703 2477 1767 2506 τῶν
1781 2471 2078 2514 κατηπειλημένων.

410 2542 447 2584 3)
472 2540 651 2576 πιστευθείς
677 2540 803 2585 inquit
828 2538 1017 2574 Theseus.
1043 2537 1209 2572 Videtur
1235 2536 1351 2582 igitur
1377 2545 1467 2570 eum
1493 2535 1651 2576 πίστωμα
1674 2534 1698 2568 i.
1713 2544 1746 2568 e.
1760 2533 1797 2570 h.
1812 2533 1846 2577 1.,
1859 2538 1902 2568 ut
1916 2538 2081 2579 apparet

366 2609 465 2644 1145,
491 2600 574 2645 „ius
599 2599 825 2635 iurandum''
854 2598 1011 2633 dedisse
1039 2596 1086 2632 cf.
1114 2598 1205 2640 650:
1233 2594 1290 2637 ὑφ’
1316 2594 1405 2635 ὅρκον
1431 2593 1658 2635 moranum.
1685 2593 1777 2628 Post
1802 2603 1859 2628 vs.
1878 2595 1968 2636 1633
1993 2603 2079 2639 sqq.

361 2670 414 2695 sc.
442 2671 464 2695 a
489 2660 624 2695 nuntio
651 2660 792 2694 iterum
818 2657 996 2693 audimus
1023 2656 1219 2691 Theseum
1245 2655 1321 2690 hoc
1349 2654 1611 2700 spopondisse
1637 2654 1805 2688 iuratum
1835 2651 1884 2687 cf.
1916 2655 2016 2695 1637.

411 2724 447 2763 4)
473 2720 521 2756 cf.
548 2721 617 2755 818
645 2730 731 2765 sqq.
757 2716 887 2750 παίδοιν
916 2715 1002 2749 δυοῖν
1027 2727 1076 2748 σοι
1101 2714 1161 2753 τὴν
1182 2715 1242 2756 μὲν
1267 2713 1387 2756 ἀρτίως
1413 2711 1479 2754 ἐγὼ

755 2776 960 2818 ξυναρπάσας
984 2773 1134 2816 ἔπεμψα,
1161 2774 1221 2812 τὴν
1249 2772 1278 2806 δ’
1293 2771 1359 2813 ἔξω
1386 2772 1497 2815 τάχα.

413 2839 447 2885 5)
474 2840 600 2875 Causa
625 2837 823 2874 sufficiens
848 2836 988 2872 adesse
1014 2845 1092 2870 non
1118 2834 1283 2878 videtur,
1309 2843 1378 2868 cur
1404 2831 1515 2864 ὀίκτου
1542 2836 1712 2867 mutetur
1739 2831 1778 2866 in
1799 2828 1898 2869 ὄκνου,
1922 2830 1961 2865 id
1975 2830 2080 2876 quod

364 2901 393 2936 B
407 2911 431 2935 o
445 2905 460 2935 t
474 2900 499 2934 h
513 2910 534 2934 e
562 2897 767 2944 proposuit
791 2906 931 2942 neque,
958 2905 1027 2930 cur
1053 2905 1141 2930 curn
1168 2893 1207 2928 M
1219 2904 1244 2928 u
1259 2903 1315 2939 sg
1329 2903 1346 2927 r
1363 2903 1384 2927 a
1398 2903 1422 2927 v
1436 2902 1457 2927 e
1485 2891 1657 2938 legamus
1683 2888 1793 2931 ὄγκον.
1816 2890 1834 2935 J
1849 2900 1869 2925 e
1883 2890 1908 2924 b
1923 2890 1948 2925 b
1973 2895 2081 2925 recte

366 2960 416 2995 ad
454 2959 556 2994 hunc
595 2957 723 2993 locum
760 2957 968 2991 observat:
1008 2954 1042 2989 If
1076 2953 1142 2989 the
1170 2963 1259 2988 men
1284 2951 1328 2987 of
1349 2952 1415 2987 the
1445 2951 1510 2986 old
1537 2950 1668 2987 Greek
1697 2949 1819 2985 world
1844 2959 1946 2984 were
1973 2959 2081 2985 more

366 3018 485 3065 easily
512 3017 654 3054 moved
680 3022 721 3052 to
747 3021 851 3051 tears
876 3014 970 3050 then
998 3013 1158 3049 modern
1187 3022 1286 3056 men,
1317 3017 1356 3047 at
1382 3011 1481 3046 least
1507 3011 1599 3057 they
1626 3011 1739 3045 knew
1752 3019 1845 3056 very
1861 3008 1955 3049 well,
1970 3009 2082 3044 when

367 3091 389 3115 a
429 3089 516 3113 man
554 3078 586 3112 is
625 3076 745 3112 found
774 3081 816 3111 to
844 3084 1001 3120 repress
1031 3073 1091 3108 his
1117 3072 1302 3116 emotion,
1327 3071 1357 3106 if
1382 3071 1430 3106 he
1461 3081 1545 3106 can.
1572 3070 1673 3116 Why
1697 3069 1801 3113 then,
1828 3068 2033 3104 obliterate
2060 3079 2083 3104 a

366 3138 481 3174 noble
519 3137 639 3172 touch
677 3137 732 3182 by
768 3134 960 3181 changing
999 3131 1110 3165 σ’ίκτου
1147 3152 1194 3158 --
1233 3142 1276 3167 as
1301 3131 1384 3166 We
1400 3130 1587 3166 cklein
1614 3129 1710 3165 does
1737 3128 1831 3164 with
1857 3128 1902 3163 W
1918 3138 1980 3162 ex
2008 3127 2083 3163 and

369 3197 539 3233 Bothe
567 3216 623 3238 -,
650 3200 691 3231 to
719 3194 786 3230 the
813 3192 1033 3238 wetchedly
1058 3191 1183 3227 feeble
1206 3189 1338 3223 1«ὄκνου.

420 3258 458 3300 6)
483 3255 531 3291 cf.
557 3254 605 3291 O.
631 3254 671 3290 C.
703 3255 805 3297 1764.
