2326 3718
530 706 613 754 lv.
667 705 819 767 Quid
860 706 933 756 de
973 707 1231 768 periurio
1271 707 1487 768 tragici
1528 707 1850 757 senserint.

388 1018 504 1072 Quid
548 1033 605 1061 ex
647 1019 870 1072 Aeschyli,
913 1019 1160 1073 Sophoclis,
1205 1012 1425 1074 Euripidis
1458 1020 1615 1062 fabulis
1647 1021 1703 1063 de
1736 1022 1827 1063 iure
1859 1021 2043 1064 iurando

328 1098 550 1144 appareat,
599 1092 702 1143 quia
748 1104 836 1132 non
884 1091 1026 1133 solum
1069 1106 1125 1133 ex
1169 1093 1265 1146 ipso
1308 1093 1398 1134 iure
1441 1093 1639 1144 iurando,
1672 1106 1824 1134 verum
1855 1093 1988 1135 etiam
2019 1106 2045 1134 e

328 1163 518 1215 periurio
563 1162 753 1217 intellegi
785 1168 949 1215 potest,
983 1163 1147 1216 quippe
1180 1163 1300 1216 quod
1331 1164 1479 1217 etiam,
1513 1163 1613 1205 licet
1645 1163 1816 1217 falsum,
1848 1165 1905 1206 sit
1937 1166 2044 1207 iura-

329 1239 540 1284 mentum,
583 1234 805 1286 copiosius
849 1234 905 1276 de
943 1248 996 1275 eo
1029 1247 1159 1289 agere
1191 1234 1296 1276 mihi
1327 1235 1550 1288 proposui.
1583 1233 1865 1278 Antecedant
1895 1242 2044 1278 tamen

328 1304 622 1360 etymologica
654 1318 807 1358 pauca.

387 1376 455 1418 De
502 1377 638 1428 vocis,
681 1389 793 1429 quae
835 1384 903 1419 est
935 1374 1111 1428 ἐπιορκία
1143 1378 1412 1433 etymologia
1443 1378 1621 1420 minime
1653 1379 1785 1420 etiam
1818 1391 1933 1421 nunc
1965 1379 2045 1420 viri

329 1448 448 1489 docti
497 1449 779 1490 consentiunt
826 1462 971 1501 neque
1018 1457 1138 1491 certa
1180 1451 1347 1491 ratione
1389 1462 1475 1502 qua
1512 1451 1568 1491 de
1603 1464 1649 1492 re
1681 1450 2044 1507 significationem

328 1520 488 1561 habeat
522 1520 697 1572 periurii
729 1520 863 1562 statui
896 1533 1029 1573 posse
1060 1521 1246 1562 videtur.
1279 1521 1374 1563 Iure
1405 1521 1551 1563 Hirzel
1583 1535 1623 1563 o.
1649 1521 1673 1563 l.
1707 1535 1748 1575 p.
1789 1530 1891 1575 151:
1929 1520 2045 1574 „Das

328 1591 468 1642 Wort,
512 1591 664 1644 inquit,
700 1591 790 1646 gibt
823 1592 892 1633 ein
927 1593 1100 1634 rechtes
1132 1593 1282 1634 Ratsel
1313 1591 1480 1646 auf1).·‘
1514 1593 1604 1635 Iam
1634 1594 1801 1647 antiqui
1833 1593 1890 1636 de
1920 1598 2044 1648 prae·

379 1795 411 1833 ι)
449 1792 592 1835 Ebel‚
633 1792 853 1828 Zeitschrift
891 1793 917 1827 f.
956 1793 1074 1839 vergi.
1113 1793 1493 1839 Sprachwissensch.
1531 1793 1576 1839 V,
1611 1805 1648 1840 p.
1676 1806 1743 1838 204
1770 1800 1883 1840 putat
1905 1795 2045 1837 ἐπίορκον

327 1862 415 1887 esse
454 1862 552 1894 eum,
592 1853 658 1898 qui
697 1855 825 1888 contra
863 1853 922 1887 ius
960 1852 1164 1888 iurandum
1203 1852 1452 1898 ingrediatur,
1490 1853 1541 1886 ἐπὶ
1573 1854 1690 1900 igitur
1714 1854 1750 1889 h.
1778 1854 1798 1889 1,
1825 1854 2044 1901 significare

327 1912 522 1956 ‚,contra'',
562 1913 669 1959 quod
707 1913 810 1947 idem
853 1913 1056 1948 contendit
1093 1913 1378 1949 Prellwitz
1415 1913 1542 1960 Etym.
1580 1915 1774 1951 Worterb.
1810 1915 1917 1952 Gott.
1955 1918 2043 1960 1892

326 1983 363 2018 p·
392 1974 460 2015 336
486 1972 507 2006 i.
537 1983 571 2007 v.
598 1972 749 2013 ἐπίορκος,

374 2031 435 2067 Sc
452 2031 476 2066 h
492 2034 516 2067 ὃ
532 2043 579 2067 m.
595 2032 766 2078 -Lips.
803 2032 868 2071 Gr,
895 2031 1057 2068 Alterth.
1086 2032 1128 2074 II,
1156 2044 1191 2078 p.
1220 2043 1286 2078 2⁷5
1314 2033 1438 2077 (1902)
1463 2044 1623 2079 prorsus
1649 2034 1724 2070 alio
1751 2035 1869 2071 modo
1895 2035 1945 2071 de
1968 2035 2045 2082 &paq-

326 2102 443 2138 quem
479 2091 676 2127 Hesiodus
703 2091 820 2127 filium
847 2096 964 2127 vocat
988 2090 1114 2133 ’Ἔριδος
1140 2092 1366 2138 disputans:
1395 2093 1458 2138 „In
1485 2094 1555 2128 der
1581 2094 1892 2130 Hesiodei'schen
1917 2095 2046 2132 Theo-

325 2151 451 2198 gonie,
491 2152 626 2197 inquit,
670 2152 795 2187 heiszt
821 2151 951 2187 dieser
977 2151 1135 2187 Horkos
1164 2178 1171 2185 .
1198 2179 1206 2187 .
1233 2180 1242 2188 .
1308 2180 1315 2187 .
1340 2154 1403 2188 ein
1431 2153 1537 2188 Sohn
1563 2153 1634 2188 der
1659 2153 1759 2196 Eris,
1786 2153 1872 2189 weil
1897 2154 1957 2190 ihr
1981 2165 2046 2202 ge·

326 2210 683 2246 meinschastliches
718 2211 783 2253 (de
809 2211 936 2246 Furiis
962 2222 1119 2257 quoque
1147 2212 1240 2258 agit)
1267 2213 1385 2248 Ambt
1411 2213 1471 2252 ist,
1499 2212 1624 2248 Strase
1650 2223 1700 2248 an
1723 2215 1802 2248 dem
1830 2215 1897 2250 der
1920 2213 2046 2251 Racloe

324 2273 388 2306 des
413 2270 562 2306 Horkos
587 2271 826 2315 vcrs'alleneny
854 2271 943 2306 dem
969 2271 1105 2312 ἐπὶορκος
1132 2283 1178 2306 zu
1194 2272 1441 2313 vollziehen”,
1469 2273 1609 2318 quibus
1623 2273 1752 2308 verbis
1767 2273 1851 2318 ipse
1866 2273 2046 2310 adnotat:

326 2331 402 2376 „So
428 2330 539 2366 allein
567 2330 662 2366 lasst
687 2331 770 2366 sich
796 2330 897 2366 wohl
912 2331 974 2366 die
990 2331 1234 2377 Praposition
1251 2333 1288 2367 in
1304 2332 1433 2367 dieser
1447 2331 1844 2379 Zusammensetzung
1855 2333 2043 2370 erklaren.

325 2390 440 2426 Ware
467 2390 611 2431 ὅρκοςε
627 2390 801 2435 Schwur,
828 2402 873 2426 so
900 2390 1011 2426 sollte
1039 2402 1127 2426 man
1152 2391 1341 2427 vielmehr
1365 2390 1519 2432 πάρορκος
1545 2396 1747 2434 erwarten,
1774 2394 1819 2435 (s.
1846 2392 1880 2427 D
1895 2393 1959 2428 od
1974 2403 1995 2428 e
2010 2404 2044 2429 r-

325 2449 445 2484 lein.
486 2450 601 2485 Hom.
642 2449 767 2486 Gloss.
807 2450 866 2492 ΙΙΙ,
906 2450 943 2485 S.
983 2449 1077 2495 229).
1116 2451 1215 2496 Jetzt
1254 2452 1348 2486 aber
1389 2452 1439 2486 ist
1463 2451 1603 2492 ἐπίορκος
1630 2462 1677 2487 zu
1701 2451 1949 2498 vergleichen
1976 2454 2045 2490 mit

323 2509 474 2550 ἑπίκηρος,
499 2509 693 2551 ἕτίμομφος,
717 2509 875 2550 ἐπίτιμος,
894 2506 1060 2550 ἐπίζηλος,
1087 2510 1231 2546 ἐπαίτιος
1245 2521 1279 2546 u.
1296 2510 1395 2557 dgl.''
1410 2510 1529 2546 Simili
1545 2511 1663 2546 modo
1692 2511 1880 2547 Hirzel
1906 2522 2044 2548 vocem

324 2569 519 2604 laudatam
558 2568 760 2614 explicans
799 2580 834 2614 p.
866 2579 943 2614 157,
974 2581 1002 2604 1.
1031 2580 1065 2606 o.
1093 2569 1138 2605 l.:
1167 2570 1273 2615 „c'm'”
1298 2571 1434 2616 inquit,
1462 2570 1616 2605 scheint
1642 2581 1714 2606 nur
1739 2571 1824 2606 hier
1849 2571 1925 2607 den
1951 2571 2044 2608 Sinn

325 2640 371 2663 zu
409 2629 549 2673 haben,
589 2629 658 2664 der
697 2629 797 2663 auch
835 2629 872 2663 in
911 2629 1167 2675 Wendungen
1207 2630 1278 2664 wie
1314 2629 1368 2662 ἐπὶ
1391 2630 1460 2666 τοϊς
1484 2630 1582 2670 θεοῖς,
1607 2629 1661 2662 ἐπὶ
1686 2634 1733 2672 τῷ
1758 2629 1944 2673 βουλομένῳ
1966 2629 2044 2664 εἶναι

324 2689 563 2723 hervortritt.
604 2688 684 2723 Das
722 2688 994 2734 Compositum
1031 2689 1170 2729 ἐπίορκος
1208 2689 1364 2724 mochte
1405 2689 1467 2724 ich
1506 2689 1628 2724 daher
1665 2690 1911 2736 vergleichen
1937 2691 2045 2728 nicht

324 2748 472 2783 sowohl
500 2748 569 2782 mit
594 2747 762 2785 ἐπίσκηνος
787 2748 884 2783 oder
911 2748 1068 2789 ἐπίκωμος
1095 2748 1150 2783 als
1178 2749 1246 2783 mit
1271 2747 1419 2787 ἐπίδικος,
1445 2749 1570 2783 einem
1597 2748 1942 2795 Rechtsanspruch
1967 2761 2044 2786 ver-

319 2806 467 2849 fallen;
494 2804 721 2848 ἑπιχειμέριος,
750 2807 1077 2843 Wintersturmen
1103 2813 1336 2854 ausgesetzt‚
1363 2806 1588 2850 ἐπαφρόδιτος,
1611 2811 1677 2844 der
1689 2804 2047 2855 Aphroditegeweih!

322 2868 400 2901 und
421 2869 527 2902 anter
553 2866 670 2902 iltrem
695 2865 844 2902 Scltz'rm
871 2869 949 2902 und
970 2866 1104 2903 Schutz
1129 2867 1286 2903 stehend.

370 2925 449 2960 Iam
487 2925 573 2970 ipsa
598 2926 709 2961 vocis
737 2925 862 2961 forma
888 2927 1091 2962 notatione
1118 2926 1234 2973 digna
1260 2932 1330 2962 est.
1358 2926 1501 2962 Forma
1527 2927 1660 2963 Attica
1686 2938 1764 2963 non
1792 2933 1852 2963 est
1874 2925 2044 2970 ἕφορκκ,

323 2994 423 3029 quae
462 2995 484 3019 a
524 2985 808 3029 posterioribus
835 2990 1054 3031 usurpatur,
1082 2986 1153 3021 sed
1177 2986 1351 3027 ἐπίορκος
1377 2986 1442 3026 (cf.
1469 2986 1534 3022 So
1550 2998 1586 3021 m
1604 2998 1692 3022 mm
1708 2998 1772 3030 er,
1801 2987 1866 3024 Gr.
1892 2987 2043 3024 Lautst.

324 3054 359 3088 p.
385 3044 455 3086 48:
480 3042 662 3088 ,,ἐπιορκέω,
689 3044 752 3079 die
780 3045 1066 3090 „literarische”
1094 3045 1209 3080 Form
1236 3045 1306 3081 der
1319 3051 1440 3092 guten
1454 3046 1538 3081 Zeit
1552 3047 1602 3082 ist
1617 3046 1813 3090 attisch.'·)
1839 3046 2044 3084 Permultis

323 3102 443 3138 titulis
481 3103 557 3138 hoc
596 3109 760 3150 apparet
799 3104 863 3145 (cf.
899 3104 924 3140 S
940 3115 963 3140 o
980 3116 1015 3139 m
1032 3116 1068 3140 m
1084 3115 1139 3140 er
1173 3105 1258 3148 l.l.),
1295 3115 1530 3151 quamquam
1558 3105 1765 3152 aliquoties
1790 3105 1865 3152 legi
1889 3106 2044 3143 videtur

322 3160 467 3203 ἑφορκέω.
507 3162 556 3197 cf.
582 3163 617 3197 K
632 3166 656 3198 ii
671 3163 696 3198 h
713 3175 737 3198 n
752 3174 773 3198 e
788 3174 834 3198 r—
848 3164 876 3199 B
890 3164 900 3199 l
915 3175 969 3199 as
984 3175 1013 3199 s.
1041 3175 1075 3200 o.
1102 3164 1124 3200 l.
1151 3175 1188 3210 p.
1217 3176 1284 3208 234
1312 3164 1379 3210 C.;
1419 3165 1446 3199 B
1461 3166 1544 3200 ois
1558 3176 1580 3200 a
1595 3175 1617 3200 c
1631 3176 1669 3211 q,
1695 3165 1888 3201 Dictionn.
1914 3165 2041 3213 Etym.

324 3222 372 3256 de
399 3221 435 3256 la
459 3222 596 3268 langue
626 3222 809 3269 Grecque
835 3235 872 3269 p.
901 3226 992 3269 2653
1019 3224 1158 3270 Brug
1175 3236 1210 3260 m
1227 3235 1337 3269 ann,
1364 3224 1430 3261 Gr.
1459 3224 1523 3261 Gr.
1540 3223 1554 3244 ³
1578 3235 1642 3270 pp.
1674 3236 1737 3268 ¹42
1765 3230 1805 3260 et
1829 3235 1907 3268 ⁴4¹·
