2392 3750
1226 287 1277 338 58

390 420 523 460 verba
568 417 683 469 δαρὸν
729 417 797 459 οὐκ
842 415 1044 464 ἀπόνητοι,
1093 429 1180 458 non
1229 422 1376 457 tamen
1426 421 1494 457 est
1526 415 1804 468 promissum,
1837 415 1957 467 quod
1988 414 2104 456 affir-

388 497 559 541 matur;
593 497 846 531 asseverant
878 490 1079 544 virgines,
1113 488 1234 540 quod
1268 500 1418 528 verum
1452 500 1549 528 esse
1582 493 1750 539 putant.

454 558 502 603 O.
551 560 606 602 R.
660 562 771 603 1086
831 572 1008 613 quoque
1065 560 1330 613 promissum
1386 559 1507 611 quod
1564 558 1739 611 proprie
1785 558 1954 607 dicitur,
2015 570 2104 599 non

389 632 559 688 legitur.
607 632 725 674 Dicit
773 632 934 673 chorus
982 631 1237 684 opinionem
1284 644 1422 681 suam,
1456 642 1586 682 quam
1621 630 1866 670 iuramento
1897 628 2103 670 affirmat.

389 703 508 745 Idem
556 704 642 746 dici
690 709 838 756 potest
883 703 939 744 de
971 702 1116 743 verbis
1149 700 1397 755 Oedipodis
1435 698 1484 743 O.
1520 698 1562 741 C.
1597 701 1711 752 623:
1746 700 1956 753 praedicit
1988 699 2103 750 exul,

390 775 510 828 quod
542 775 637 816 fore
668 773 904 816 arbitratur
925 771 969 827 ¹).

449 846 663 887 Venimus
696 847 752 887 ad
784 845 1054 898 Euripidem.

452 921 516 960 De
552 919 781 967 Euripide.
818 916 879 958 Iu
899 930 967 957 rr.
1013 917 1253 969 promis
1273 917 1475 957 soria:
1511 914 1643 968 Apud
1677 914 1933 967 Euripidem
1964 913 2104 955 adius

387 990 617 1031 iurandum
674 988 1006 1041 promissorium
1064 988 1185 1040 quod
1245 987 1402 1029 dicitur
1460 988 1709 1040 pertinent:
1774 984 1910 1027 Andr.
1965 995 2104 1039 10003

389 1061 485 1102 Hel.
535 1062 634 1113 835,
679 1061 752 1101 ubi
795 1066 942 1101 tamen
975 1060 1030 1101 ad
1064 1060 1130 1100 ius
1165 1059 1394 1100 iurandum
1427 1058 1712 1100 assertorium
1744 1058 1879 1098 verba
1909 1055 2104 1098 Helenae

389 1133 590 1185 proxime
644 1132 874 1182 accedunt,
924 1133 1087 1184 quippe
1135 1143 1248 1183 quae
1296 1130 1559 1171 confiteatur
1609 1142 1655 1170 se
1703 1130 1868 1170 iurasse
1915 1134 2103 1169 mortem

388 1204 535 1256 potius
583 1205 706 1245 obire
752 1203 875 1252 velle,
925 1215 1057 1255 quam
1099 1202 1168 1243 alii
1201 1202 1293 1243 viro
1326 1203 1505 1243 nubere.
1541 1201 1822 1250 Promissum,
1853 1200 1973 1252 quod
2006 1212 2104 1252 pro-

388 1277 480 1328 prie
512 1276 663 1317 dicunt
695 1276 803 1316 haec
835 1276 970 1316 verba
1002 1275 1076 1315 vix
1107 1275 1193 1316 dici
1225 1281 1424 1327 possunt.

447 1347 520 1388 Ad
574 1345 642 1387 Vs.
694 1356 777 1403 977
824 1347 941 1388 idem
988 1347 1189 1387 annotari
1236 1352 1399 1399 potest.
1447 1345 1606 1386 Iuravit
1651 1343 1889 1394 Menelaus,
1931 1350 1980 1384 ut
2012 1343 2104 1396 ipse

388 1419 494 1461 dicit
526 1433 573 1460 se
605 1426 707 1461 ante
739 1426 928 1460 mortem
961 1419 1016 1460 de
1049 1420 1136 1459 vita
1168 1418 1339 1459 fortiter
1370 1418 1691 1459 dimicaturum.

449 1489 554 1532 Hik.
608 1492 717 1533 1188
761 1491 834 1543 (de
877 1491 1035 1532 eodem
1067 1491 1159 1531 iure
1193 1490 1376 1530 iurando
1409 1502 1555 1530 sermo
1587 1495 1655 1529 est
1690 1501 1775 1528 vss.
1815 1497 1939 1537 1202,
1980 1496 2103 1537 1229,

394 1565 550 1615 1232);
583 1561 717 1615 Hipp.
751 1563 837 1603 612
872 1563 943 1614 (ad
974 1562 1091 1602 idem
1125 1562 1348 1614 pertinent
1382 1574 1466 1601 vss.
1501 1560 1602 1612 657,
1643 1559 1766 1610 1063,
1809 1558 2101 1611 1306,13o9),

389 1643 502 1687 7132
536 1633 634 1688 [ph.
666 1632 718 1674 Α-
758 1642 808 1686 57
845 1634 976 1686 (idem
1011 1646 1097 1674 vss-
1131 1641 1200 1685 71,
1237 1643 1337 1684 391,
1372 1633 1490 1684 395),
1523 1640 1623 1683 473,
1657 1633 1774 1684 9483
1808 1629 1903 1683 [ph.
1937 1627 2104 1682 T-735‚

388 1715 489 1759 974,
545 1707 682 1758 1076;
731 1704 824 1746 Ion.
874 1707 988 1759 87o;
1038 1704 1154 1745 Med.
1193 1715 1241 1745 21
1280 1705 1413 1757 (idem
1453 1705 1547 1751 160,
1590 1703 1703 1756 168),
1736 1713 1837 1754 439,
1868 1712 1970 1753 492,
2005 1709 2104 1753 735.

389 1786 472 1830 737
509 1779 642 1830 (idern
676 1778 775 1830 746,
811 1777 928 1831 752),
967 1786 1108 1830 1059;
1142 1775 1411 1829 (Rhes.)468
1433 1774 1494 1828 2);
1531 1774 1689 1815 Phoen.
1718 1783 1819 1826 427,
1852 1775 2102 1825 481,1241.

448 1850 581 1891 Iurr.
631 1850 980 1891 assertoria:
1029 1848 1099 1890 Ad
1147 1848 1332 1889 alterum
1374 1860 1512 1902 genus
1559 1847 1802 1899 pertinent:
1855 1843 1944 1886 Alc.
1989 1853 2102 1895 4393

388 1919 518 1962 Andr
566 1930 635 1974 37,
667 1932 768 1973 934,
801 1934 1068 1975 quamquam
1101 1920 1304 1961 etiamhic
1340 1919 1541 1960 condicio
1572 1918 1842 1959 subauditur.
1875 1916 2105 1959 Sententia

388 2000 456 2034 est
503 1993 666 2034 irrealis
713 2006 844 2046 quam
895 1993 1057 2034 dieunt.
1108 1990 1175 2032 El.
1225 2001 1306 2042 43;
1359 1989 1486 2031 Herc.
1521 1989 1623 2043 fur.
1668 1990 1779 2042 8583
1829 1985 1932 2028 Hik.
1967 1986 2102 2042 (260),

394 2073 517 2117 1174,
565 2078 654 2118 quo
700 2071 890 2118 utroque
935 2063 1033 2104 loco
1075 2064 1130 2104 de
1178 2064 1293 2104 iusto
1331 2063 1576 2104 iuramento
1618 2073 1867 2102 sermonem
1899 2072 1997 2100 esse
2029 2058 2105 2100 vix

388 2136 474 2178 diei
519 2142 692 2190 potest,
743 2134 877 2189 Hzpp.
927 2135 1045 2188 (219)
1065 2132 1113 2189 3),
1157 2135 1259 2185 960,
1309 2142 1432 2186 1025,
1476 2134 1613 2187 (idem
1656 2146 1741 2174 vss.
1796 2133 1920 2182 1036,
1959 2128 2102 2185 1055),

395 2218 498 2259 1191
535 2208 817 2262 (exsecratio,
850 2221 938 2248 non
970 2208 1134 2249 iustum
1168 2207 1468 2248 iusiurandum
1499 2205 1554 2246 ad
1591 2204 1855 2246 sententiam
1885 2203 2104 2244 affirman-

389 2280 491 2321 dam
533 2281 809 2331 adhibetur),
837 2277 932 2332 [ph.
967 2277 1021 2320 A.
1056 2288 1169 2332 739;
1213 2275 1306 2318 Ion.
1349 2279 1482 2330 1528;
1517 2275 1633 2318 Med.
1667 2277 1773 2327 6193
1807 2272 1918 2325 Cycl.
1950 2274 2034 2315 262
2055 2270 2101 2324 ¹¹),

391 2361 469 2404 271
523 2352 848 2405 (exsecratione
896 2352 963 2393 sui
1015 2350 1152 2404 ipsius
1200 2349 1360 2391 chorus
1406 2348 1595 2390 affirmat
1641 2361 1688 2389 se
1734 2347 1966 2388 mentitum
2014 2357 2104 2387 non

389 2423 528 2478 esse);
566 2420 640 2465 Or.
679 2424 812 2477 1516;
843 2423 1015 2477 (Rhes.)
1047 2424 1148 2474 825,
1181 2421 1313 2476 876);
1346 2420 1507 2461 Phoen.
1541 2429 1641 2470 433,
1661 2430 1762 2470 491,
1789 2418 1891 2468 626,
1925 2417 2034 2470 1677
2051 2415 2102 2472 ⁸).

441 2568 474 2609 1)
507 2566 653 2602 Iustum
690 2566 749 2602 ius
787 2565 991 2601 iurandum
1029 2575 1107 2600 non
1133 2564 1273 2611 legitur
1298 2564 1374 2598 hoc
1399 2562 1498 2604 loco,
1530 2562 1602 2597 sed
1628 2561 1791 2597 formula
1817 2561 1867 2596 ad
1892 2561 1951 2596 ius
1976 2560 2103 2596 iuran-

389 2625 481 2661 dum
508 2626 686 2672 proxime
713 2626 919 2667 accedens,
946 2625 995 2660 de
1022 2624 1162 2670 quibus
1188 2623 1278 2658 vide
1306 2633 1341 2668 p.
1370 2632 1425 2667 51.

438 2684 473 2731 2)
499 2685 772 2732 Tragoediam,
799 2685 952 2719 Rhesus
967 2694 1068 2730 quae
1083 2684 1316 2725 inscribitur,
1343 2683 1426 2717 veri
1443 2682 1566 2717 simile
1582 2687 1641 2717 est
1656 2693 1732 2716 non
1748 2692 1834 2716 esse
1850 2681 2102 2726 Euripideam

389 2744 438 2779 cf.
464 2744 947 2791 Pauly.-Wissowa
971 2744 1032 2785 VI,
1067 2755 1079 2778 1
1110 2743 1196 2778 coll.
1229 2745 1316 2784 1264
1347 2753 1456 2788 sqq.;
1484 2741 1674 2777 Christ
1700 2752 1734 2776 o.
1761 2740 1809 2784 1⁵,
1839 2752 1867 2784 1,
1894 2751 1957 2786 pp.
1986 2744 2064 2784 287.

438 2804 473 2848 3)
510 2805 583 2846 πρὸς
627 2808 716 2849 θεῶν,
755 2805 880 2850 inquit
918 2804 1105 2845 Phaedra,
1144 2801 1263 2844 ’ἔραμαι
1302 2805 1375 2834 κυσὶ
1410 2799 1548 2841 θωΰξαι.
1587 2801 1729 2836 Forma
1766 2811 1859 2836 sane
1899 2805 1959 2836 est
2008 2800 2102 2836 iuris

388 2864 539 2899 iurandi
577 2865 777 2900 assertorii
815 2864 922 2910 quod
960 2864 1113 2905 dicitur,
1152 2874 1192 2898 re
1232 2869 1363 2898 tamen
1397 2862 1489 2896 nihil
1522 2861 1602 2896 fere
1642 2861 1860 2906 significant
1885 2861 2006 2895 verba
2029 2861 2103 2901 πρὸς

386 2926 475 2967 θεῶν,
503 2924 552 2959 ad
578 2924 850 2969 complendam
875 2924 1091 2959 orationem
1121 2921 1466 2958 sermoni'tantum
1494 2921 1746 2956 inculcantur.

437 2990 472 3023 4)
510 2983 640 3018 Verba
677 2995 777 3030 quae
816 2989 904 3019 sunt
942 2983 978 3015 οὐ
1017 2982 1068 3024 μά
1105 2983 1151 3015 Δί
1182 2983 1354 3028 aliasque
1382 2981 1573 3016 eiusmodi
1600 2980 1784 3015 formulas
1810 2981 1848 3014 in
1874 2980 1947 3014 hac
1974 2978 2103 3014 sabula

388 3043 545 3088 saepius
572 3049 777 3088 usurpatas
803 3043 851 3089 (9,
884 3052 960 3088 154,
989 3052 1067 3088 555,
1096 3046 1175 3087 560,
1204 3044 1283 3086 583,
1310 3043 1394 3086 586)
1420 3041 1522 3075 iusta
1537 3040 1752 3074 iuramenta
1765 3049 1842 3074 non
1857 3048 1958 3078 esse,
1985 3047 2100 3072 nemo

388 3102 563 3147 negabit3
590 3102 714 3137 Deum
742 3113 831 3138 vere
858 3102 1072 3138 contestari
1100 3102 1255 3136 minime
1282 3102 1319 3135 in
1349 3101 1477 3135 animo
1505 3105 1575 3134 est.

438 3162 472 3205 5)
512 3161 627 3207 Hipp.
666 3164 735 3205 976
774 3167 813 3197 et
856 3171 944 3206 1250
979 3163 1081 3196 iusta
1118 3162 1334 3196 iuramenta
1371 3170 1448 3194 non
1474 3158 1663 3205 leguntur,
1690 3158 1760 3194 sed
1786 3157 1975 3193 formulae
2000 3156 2101 3192 affir-

389 3219 581 3263 mationis,
609 3231 709 3267 quae
735 3225 867 3256 tamen
892 3221 985 3256 iuris
1012 3220 1160 3256 iurandi
1185 3220 1263 3255 vim
1288 3220 1326 3255 in
1354 3219 1431 3255 vita
1457 3218 1654 3255 cotidiana
1678 3218 1822 3254 habere
1848 3217 1985 3253 solent.
