2392 3750
1243 309 1299 349 30

409 432 597 487 Scythas
631 432 791 473 vidisse
824 436 983 480 narrat,
1019 442 1096 471 eos
1124 442 1184 470 sc.
1213 429 1471 484 sanguinem
1499 429 1774 470 victimarum
1807 442 1907 471 cum
1925 441 2006 470 suo
2023 440 2120 469 san-

409 505 539 560 guine
572 504 874 552 commiscere,
907 502 1068 543 deinde
1100 501 1313 555 pugiones
1358 500 1425 541 vel
1467 499 1635 554 gladios
1666 500 1933 555 intingentes
1966 500 2121 550 iurare,

409 576 599 629 denique
632 574 889 628 sanguinem
923 574 1112 614 mixtum
1145 573 1309 614 bibere.
1342 571 1461 625 Quid
1494 585 1599 612 vero
1618 571 1883 626 significaret
1899 572 2007 613 haec
2024 584 2123 612 cae-

410 647 618 699 remonia,
662 645 841 686 omnino
874 657 962 685 non
995 644 1122 694 dicit;
1170 644 1374 685 nimirum
1422 643 1549 696 lippis
1592 650 1636 684 et
1684 644 1936 685 tonsoribus
1968 648 2124 684 notum

410 732 508 759 esse
539 718 753 771 putabat;
786 716 949 756 etenim
982 714 1102 756 miris
1133 716 1265 756 rebus
1298 715 1637 768 explicationem
1669 715 1832 756 addere
1867 713 1993 756 solet.
2016 711 2047 768 ¹)

466 788 601 830 Sacra
631 788 687 829 ad
721 788 786 828 ius
819 786 1049 827 iurandum
1083 786 1246 828 addere
1284 787 1327 827 in
1359 799 1482 827 more
1515 786 1650 827 fuisse
1683 784 1864 827 Graecis
1898 792 2124 839 praeterea

409 861 572 902 indicat
621 858 808 900 formula
855 854 962 908 ὅρκια
994 855 1175 909 τέμνειν,
1225 871 1337 911 quae
1384 871 1651 912 quamquam
1688 871 1714 898 a
1759 857 1935 912 tragicis
1981 857 2126 910 poetis

409 944 499 973 non
529 937 777 983 usurpatur,
806 930 981 982 saepius
1014 942 1094 982 pro
1133 930 1326 978 „iurare”
1363 936 1609 982 usurpatur.
1631 926 1668 984 ²)

471 1004 541 1044 Ex
572 1002 777 1043 omnibus
809 1002 930 1043 hisce
965 1001 1071 1042 locis
1089 1007 1286 1054 apparet,
1321 1001 1441 1054 quod
1459 1001 1602 1054 ipsum
1619 1000 1718 1041 loco
1736 1000 1912 1042 laudato
1929 1000 1991 1050 fit,
2011 1013 2124 1051 eum,

412 1075 486 1129 qui
533 1075 708 1124 iuraret,
757 1074 849 1114 sive
895 1085 1027 1114 manu
1060 1075 1151 1114 sive
1184 1071 1269 1114 alio
1302 1072 1437 1113 modo
1469 1072 1690 1113 victimam
1724 1079 1918 1127 tangere.
1980 1070 2128 1124 Quare

412 1147 455 1187 id
488 1146 626 1197 fieret,
670 1146 853 1186 dubium
886 1158 984 1185 esse
1015 1157 1104 1186 non
1136 1150 1298 1197 potest.
1363 1144 1426 1185 Ita
1459 1157 1507 1185 se
1534 1144 1756 1200 obligabat
1800 1145 1866 1185 ius
1898 1143 2128 1186 iurandum

413 1231 586 1259 servare
628 1230 883 1270 poenasque
930 1217 1114 1257 deorum
1158 1217 1240 1257 sibi
1286 1216 1535 1271 neglegenti
1567 1217 1785 1270 promissa
1816 1215 1882 1256 vel
1915 1215 2128 1268 peieranti

412 1290 657 1330 invocabat.
677 1287 712 1343 ³)
744 1288 982 1329 Victimam
1014 1294 1201 1343 tangens
1234 1289 1456 1341 particeps
1488 1288 1619 1329 fiebat
1654 1287 2005 1329 sacrificationis:
2042 1286 2130 1339 „So

412 1361 577 1416 glaubt‚
641 1360 781 1414 inquit
829 1355 1128 1413 Gruppe&
1173 1359 1250 1400 der
1295 1359 1484 1412 Opferer
1531 1360 1573 1400 in
1627 1360 1724 1401 eine
1771 1358 2130 1414 geheimnisvolle

414 1432 672 1487 Beriihrung
704 1432 784 1472 mit
817 1432 896 1472 der
928 1430 1131 1472 Gottheit
1164 1444 1216 1472 zu
1248 1429 1472 1487 geraten'’.

473 1503 571 1546 Alia
603 1502 879 1544 caeremonia
927 1503 1114 1544 refertur
1144 1501 1292 1544 Aiacis
1335 1516 1463 1544 versu
1502 1511 1626 1555 1171,
1670 1503 1744 1544 ubi
1786 1503 1959 1544 Teucer
1991 1501 2128 1556 Eury-

415 1589 532 1626 saco,
566 1575 747 1628 capillos
780 1574 954 1625 Teucri,
988 1574 1270 1626 Tecmessae,
1318 1588 1512 1629 suosque
1560 1575 1696 1628 ipsius
1729 1574 1898 1630 gerenti
1929 1575 2130 1627 imperat,

415 1654 463 1690 ut
497 1653 667 1700 patrem
700 1659 833 1688 manu
860 1651 1023 1687 teneat.
1086 1645 1259 1687 Deinde
1292 1646 1354 1688 sic
1387 1648 1558 1701 pergit:

775 1749 1157 1758 ......
1220 1717 1257 1756 εἰ
1283 1715 1326 1757 δέ
1356 1731 1417 1763 τις
1449 1718 1625 1768 στρατοῦ

775 1787 850 1843 βίᾳ
883 1787 1178 1830 &eiwon-micae
1209 1787 1324 1829 τοῦδε
1357 1790 1428 1830 τοῦ
1462 1790 1596 1840 νεκροῦ

775 1860 898 1908 κακὸς
931 1863 1062 1908 κακῶς
1094 1858 1290 1907 ἄθαπτος
1322 1859 1480 1902 &xmo-01
1514 1860 1667 1912 9550qu

773 1931 912 1982 γένους
944 1930 1126 1979 ἅπαντος
1159 1931 1271 1985 ῥίζαν
1304 1931 1548 1983 ἕξημημένος

775 2003 908 2052 αὕτως
941 2002 1127 2056 ὅπωσπερ
1159 2003 1262 2046 τόνδ’
1297 2004 1379 2054 ἐγὼ
1411 2004 1542 2055 τέμνω
1575 2003 1735 2046 πλόκον.

419 2077 648 2132 Capilli,
682 2091 794 2131 quos
826 2077 1048 2119 Teucer
1082 2078 1261 2119 desecat
1289 2078 1460 2133 signum
1494 2084 1596 2119 sunt
1637 2078 1805 2127 mortis,
1838 2091 1951 2132 quae
1982 2079 2022 2120 ei
2053 2079 2132 2120 im·

417 2151 567 2203 minet,
618 2149 692 2204 qui
740 2148 888 2190 Aiacis
935 2162 1097 2201 corpus
1129 2149 1291 2190 violare
1339 2149 1500 2190 audeat
1532 2149 1755 2204 filiumque
1792 2150 1885 2191 eius
1917 2149 2131 2204 abripere,

419 2222 594 2263 Etenim
639 2222 682 2262 in
724 2221 937 2276 sanguine
984 2227 1028 2262 et
1065 2221 1108 2262 in
1141 2221 1307 2273 capillis
1340 2221 1507 2274 antiqui
1539 2221 1690 2262 sedem
1733 2234 1831 2262 esse
1863 2222 1979 2262 vitae
2008 2227 2134 2274 puta-

418 2295 538 2336 bant.
573 2290 608 2348 5)
665 2293 775 2334 Item
818 2292 861 2333 Il.
899 2292 967 2333 ΠΙ.
1003 2302 1084 2345 273
1136 2291 1459 2347 Agamemnon,
1504 2305 1653 2347 pugna
1698 2291 1939 2333 Alexandri
1985 2293 2132 2335 Mene-

474 2454 504 2496 1)
531 2452 616 2488 Alia
642 2451 824 2497 exempla
850 2451 962 2486 affert
988 2451 1145 2497 Stengel
1172 2462 1207 2487 o.
1235 2451 1255 2486 l.
1282 2462 1318 2497 p.
1351 2463 1426 2486 122.

470 2514 504 2556 2)
532 2513 580 2550 cf.
619 2513 818 2547 Hermann
845 2511 1038 2547 Gottesdl.
1075 2511 1238 2547 Alterth.
1264 2511 1286 2556 ἓ
1313 2523 1367 2546 22.
1400 2523 1435 2546 11
1466 2512 1532 2557 qui
1559 2511 1671 2547 affert
1696 2511 1894 2557 exempla:
1922 2511 2050 2547 Schol.
2073 2511 2133 2547 ad.

422 2573 460 2608 Il.
486 2572 592 2616 XIX.
624 2581 711 2616 197;
739 2572 849 2607 Dem.
877 2572 914 2606 in
941 2571 1059 2606 Arist.
1087 2574 1143 2607 68.

471 2633 505 2678 3)
545 2632 603 2667 De
658 2631 942 2678 significatione
991 2631 1104 2666 huius
1143 2633 1414 2667 caeremoniae
1453 2631 1501 2667 cf.
1541 2631 1810 2678 Schom-Lips.
1850 2644 1885 2670 ο.
1919 2633 1939 2667 l.
1980 2644 2016 2678 p.
2055 2643 2134 2679 254.

424 2691 585 2737 Gruppe
623 2702 658 2726 o.
685 2691 706 2726 l.
745 2702 782 2736 p.
821 2693 889 2734 728
927 2692 1002 2726 iam
1042 2690 1155 2726 aliam
1194 2691 1315 2726 refert
1352 2692 1649 2733 caeremoniam,
1689 2693 1726 2726 in
1753 2703 1829 2738 qua
1855 2704 1922 2727 ara
1948 2693 2134 2738 sanguine

423 2752 604 2786 victimae
639 2751 895 2797 oblinebatur,
936 2751 1044 2797 quod
1069 2756 1199 2786 autem
1227 2751 1330 2786 aliud
1356 2751 1451 2796 quid
1477 2751 1695 2797 significare
1721 2752 1976 2797 demonstrat,
2002 2763 2135 2797 quam—

424 2822 539 2857 quam
567 2812 683 2846 etiam
711 2811 808 2846 haec
837 2811 1037 2853 facientes,
1065 2812 1132 2856 qui
1158 2821 1271 2846 sacra
1295 2812 1484 2853 facerent,
1512 2811 1678 2846 animam
1706 2811 1857 2847 hostiae
1884 2813 1921 2847 in
1948 2813 2134 2858 sanguine

425 2881 512 2906 esse
538 2871 849 2916 suspicabantur.

473 2929 509 2976 4)
535 2930 582 2965 cf.
612 2929 783 2976 Gruppe.
812 2941 845 2966 o.
873 2931 893 2965 l.
922 2941 959 2976 p.
987 2940 1066 2974 729.

476 2991 509 3034 5)
535 2989 727 3024 Permulta
765 2991 813 3025 de
853 2989 1001 3036 capillis
1029 2990 1189 3036 Gruppe
1215 3001 1250 3025 o.
1278 2990 1299 3025 1.
1323 2991 1506 3036 disputat.
1535 2990 1622 3026 Man
1649 2991 1816 3036 glaubte,
1842 2992 1967 3037 inquit
1993 3003 2029 3037 p.
2056 2994 2135 3035 728,

426 3050 518 3085 dasz
557 3050 619 3084 die
657 3049 769 3085 Seele
796 3051 866 3085 des
892 3050 1137 3095 Opfertieres
1162 3050 1200 3085 in
1226 3051 1374 3086 seinem
1401 3051 1509 3086 Blute
1536 3051 1633 3085 oder
1658 3052 1696 3086 in
1721 3053 1789 3087 den
1814 3052 1972 3087 Haaren
1997 3051 2136 3087 wohne

426 3108 490 3155 (cs.
529 3109 686 3156 Pythag.
737 3120 770 3145 a.
809 3109 920 3156 Diog.
971 3110 1100 3146 Laert.
1138 3113 1214 3155 8,0;
1253 3109 1417 3156 Emped.
1463 3109 1523 3144 Fr.
1562 3120 1641 3153 372.
1676 3110 1752 3156 M.).
1801 3110 1964 3152 Wilken,
2003 3111 2136 3146 Revue

427 3168 617 3204 coloniale
643 3169 887 3204 internation.
914 3170 975 3214 IV,
1008 3173 1106 3213 1887,
1134 3171 1228 3215 374),
1261 3170 1340 3205 und
1373 3170 1547 3205 bestrich
1573 3170 1695 3205 daher
1721 3171 1797 3205 den
1822 3170 1932 3205 Altar
1957 3170 2027 3205 mit
2051 3170 2138 3205 Blut

428 3228 524 3263 oder
562 3228 707 3263 schnitt
746 3229 834 3263 dem
872 3229 1097 3275 Oplerthier
1134 3230 1198 3264 die
1238 3229 1458 3264 Haarlocke
1497 3231 1557 3267 ab.
1583 3229 1648 3272 (cf.
1675 3230 1711 3265 ΙΙ.
1739 3230 1843 3265 XIX.
1872 3240 1950 3275 254,
1977 3229 2053 3266 Od.
2077 3229 2136 3266 111.
