2392 3750
1168 331 1224 372 39

331 453 559 497 tationem.
592 451 927 494 fundamentum
961 450 1054 493 eius
1086 451 1218 506 igitur
1248 451 1291 492 in
1325 450 1536 505 religione
1553 462 1653 491 esse
1670 449 1865 502 positum
1885 447 1932 503 ¹).
1964 448 2048 490 Dei

332 524 408 578 qui
436 524 564 565 testis
594 530 727 577 atque
745 523 908 564 vindex
939 523 1180 573 invocatur,
1199 522 1465 564 verecundia
1480 519 1516 576 ²)
1547 522 1793 562 iuramento
1810 521 2048 561 maximam

331 594 530 636 attribuit
563 593 679 636 illam
709 594 1033 637 auctoritatem.

389 665 545 720 Neque
588 666 844 707 dissentitur
877 679 964 719 qua
994 665 1050 706 de
1082 678 1215 706 causa
1248 665 1506 706 adhibeatur
1535 665 1845 706 iuramentum.
1907 663 2050 706 Datur

331 737 388 778 ad
419 737 761 778 asseverandum
808 737 1074 789 promissum
1121 735 1517 777 affirmationemve
1565 735 1652 777 fide
1700 736 1838 791 magis
1871 735 2048 790 dignam

330 807 591 859 faciendam,
626 815 673 850 ut
703 808 1015 850 solidissimum
1047 808 1137 849 veri
1170 808 1410 849 habeamus
1443 808 1792 849 fundamentum.

389 879 535 921 Iurant
566 880 780 931 homines,
814 880 973 921 dicitur
1006 878 1149 932 Epist.
1182 879 1251 920 ad.
1287 879 1421 920 Hebr.
1457 878 1532 930 VI,
1572 879 1624 920 16
1655 877 1708 925 εἷς
1741 875 1964 927 βεβαίωσιν
1996 875 2045 933 3),

331 957 375 993 et
405 950 540 1001 πάσης
570 952 708 998 αὐτοῖς
739 948 982 999 ἀντιλογίας
1014 949 1141 1002 πέρας
1176 984 1183 991 .
1221 984 1229 992 .
1265 982 1275 992 .
1309 948 1326 991 ὃ
1359 947 1482 1002 ὅρκος.
1505 947 1539 1006 ¹¹)

388 1023 522 1065 Hisce
554 1024 758 1064 omnibus
786 1023 1014 1076 perpensis
1048 1024 1114 1064 ius
1147 1023 1378 1064 iurandum
1409 1023 1470 1064 ita
1503 1022 1673 1064 definiri
1691 1035 1824 1075 posse
1840 1022 2042 1064 videtur:

331 1092 412 1135 Ius
444 1093 690 1135 iurandum
722 1094 947 1135 sollemnis
974 1099 1041 1135 est
1065 1092 1150 1135 Dei
1180 1093 1447 1145 contestatio,
1471 1107 1560 1146 qua
1587 1093 1719 1135 verba
1745 1093 2051 1148 affirmantur

329 1164 438 1218 eius,
479 1165 559 1220 qui
598 1165 724 1216 iuret,
758 1166 838 1220 qui
867 1165 1012 1206 Deum
1057 1171 1306 1206 contestans
1334 1165 1599 1219 profiteatur
1628 1177 1675 1207 se
1705 1165 1927 1207 conscium
1959 1178 2049 1207 esse

331 1249 416 1278 non
461 1237 603 1278 solum
647 1236 776 1279 deum
822 1250 869 1279 se
910 1234 1070 1279 audire
1115 1250 1264 1279 verum
1309 1228 1444 1278 etiam
1486 1250 1635 1278 omnes
1681 1236 1879 1278 iniurias
1925 1242 1968 1278 et
1996 1235 2046 1279 in

329 1321 437 1350 casu
466 1308 714 1362 periurium
754 1308 1088 1350 vindicaturum
1108 1307 1156 1363 ⁵).

389 1379 457 1421 De
485 1379 767 1434 opinionibus
800 1380 918 1422 aliis.
982 1381 1194 1423 Attamen
1240 1381 1359 1423 hisce
1407 1381 1725 1434 posterioribus
1771 1382 2046 1434 temporibus

329 1452 524 1494 nonnulli
554 1460 671 1503 sunt,
717 1453 792 1505 qui
835 1453 951 1494 aluid
984 1453 1089 1507 quid
1121 1454 1176 1494 de
1207 1454 1298 1494 iure
1331 1453 1515 1494 iurando
1546 1452 1806 1494 docuerunt.
1852 1451 2046 1495 Conten-

329 1524 439 1566 dunt
471 1525 537 1566 ius
580 1525 811 1566 iurandum
851 1524 955 1566 nihil
1004 1524 1122 1567 aliud
1154 1537 1266 1577 esse,
1314 1536 1446 1577 quam
1478 1524 1845 1575 exsecrationem,
1879 1535 1967 1576 qua
1997 1537 2046 1566 se

329 1596 473 1649 ipsum
505 1596 735 1647 devoveat,
769 1597 805 1637 is
839 1597 914 1651 qui
946 1597 1057 1638 iuret
1090 1593 1136 1646 ⁶).

389 1667 460 1708 Ex
501 1668 604 1709 iuris
647 1668 815 1710 iurandi
856 1675 1012 1710 natura
1043 1668 1252 1722 sequitur,
1285 1674 1334 1710 ut
1366 1680 1536 1721 poenae
1569 1667 1827 1720 imprecatio
1859 1667 1953 1709 eius
1990 1668 2047 1709 sit

330 1753 443 1793 pars.
492 1740 588 1781 Iure
636 1738 943 1782 Calvinus
990 1739 1129 1781 Instit.
1174 1739 1223 1790 ΙΙ,
1267 1738 1379 1790 VIII,
1415 1750 1471 1790 24
1502 1739 1543 1789 (i.
1578 1739 1648 1791 f.):
1686 1738 1850 1790 „Nos”‚
1891 1739 2049 1791 inquit,

328 1812 473 1854 Deum
519 1813 736 1854 advocare
782 1826 870 1854 non
918 1813 1185 1865 (possumus)
1233 1811 1444 1852 orationis
1492 1817 1670 1852 nostrae
1717 1816 1892 1863 testem,
1939 1810 2046 1864 quin

381 2062 413 2097 ι)
452 2057 510 2093 De
550 2057 803 2093 fundamento
841 2057 917 2092 hoc
954 2068 989 2092 v.
1027 2056 1094 2092 Le
1110 2066 1218 2092 euw
1234 2066 1295 2091 en
1321 2055 1506 2102 disputat,
1532 2065 1567 2090 0.
1594 2054 1615 2090 l.
1643 2065 1678 2100 p.
1710 2059 1774 2090 18:
1801 2054 1931 2090 Woelt
1957 2065 2045 2090 men

329 2117 405 2152 den
442 2117 515 2152 eed
542 2127 615 2152 van
642 2117 704 2152 die
731 2117 837 2152 basis
863 2116 931 2156 los,
959 2116 1035 2152 dan
1062 2116 1186 2151 houdt
1211 2126 1299 2151 men
1326 2115 1427 2151 niets
1453 2124 1549 2150 over
1574 2114 1650 2150 dan
1676 2124 1773 2150 eene
1800 2114 1915 2157 fictie,
1943 2119 2046 2150 want

329 2176 387 2212 dit
422 2177 515 2223 juist
553 2177 585 2212 is
625 2178 661 2221 't‚
700 2182 778 2211 wat
814 2176 983 2212 behoort
1017 2181 1077 2212 tot
1102 2177 1174 2222 ziJn
1200 2175 1530 2211 onuitwischbaar
1555 2174 1740 2210 karakter
1766 2184 1814 2209 en
1840 2174 1897 2210 dit
1923 2173 2044 2209 alleen

329 2236 363 2272 is
401 2237 472 2282 zijn
510 2236 726 2282 innerlijkst
764 2246 907 2279 wezen,
947 2235 980 2271 al
1008 2235 1034 2271 't
1060 2235 1205 2271 andere
1233 2235 1265 2270 is
1300 2234 1425 2270 louter
1451 2233 1692 2270 accidenteel
1719 2244 1767 2269 en
1793 2234 1961 2270 behoort
1986 2239 2046 2269 tot

329 2295 405 2332 den
431 2295 740 2342 veranderlijken
767 2306 888 2332 vorm.

377 2355 413 2402 2)
452 2355 511 2391 De
550 2361 656 2391 metu
682 2366 835 2401 poenae
863 2356 956 2391 iuris
981 2355 1133 2391 iurandi
1159 2355 1196 2390 vi
1222 2354 1269 2391 cf.
1296 2354 1402 2390 Luc
1419 2354 1513 2390 ian.
1554 2353 1614 2389 ed.
1641 2353 1774 2399 Jacob.
1805 2355 1893 2398 1887
1918 2353 2045 2390 Teub-

328 2426 407 2451 ner.
434 2415 568 2451 Index.
594 2427 662 2451 s.v.
688 2416 746 2451 ius
773 2416 998 2451 iurandum.
1017 2442 1023 2450 .
1041 2442 1071 2450 ..
1098 2415 1223 2450 iurare
1251 2414 1349 2450 falso
1374 2425 1451 2449 non
1477 2418 1660 2449 verentur
1686 2423 1756 2459 per
1770 2423 1924 2455 numen,
1938 2414 2044 2460 quod

328 2476 521 2522 impotens
547 2475 722 2511 eredunt.
749 2475 957 2522 Philopatr.
986 2486 1006 2515 4
1032 2486 1118 2521 sqq.

377 2542 413 2579 3)
439 2536 488 2571 cs.
518 2535 846 2571 Deissmann
872 2535 1023 2571 Bibelst.
1051 2546 1116 2581 pp.
1149 2545 1224 2576 102,
1255 2545 1343 2578 103;
1370 2533 1471 2569 Neue
1495 2534 1646 2569 Bibelst.
1674 2544 1708 2579 p.
1737 2535 1793 2578 56.

376 2596 412 2638 4)
440 2594 618 2635 Gaius,
663 2595 689 2639 1,
726 2606 738 2630 1
770 2594 815 2630 D.
857 2594 906 2630 de
933 2595 1015 2630 iure
1042 2594 1205 2630 iurando
1236 2605 1287 2638 ια,
1326 2605 1345 2629 2
1372 2595 1431 2629 ius
1457 2593 1660 2629 iurandum
1685 2598 1806 2629 vocat
1832 2593 2043 2629 maximum

329 2654 544 2690 remedium
570 2654 906 2700 expediendarum
936 2654 1068 2690 litium.
1096 2654 1143 2689 cf.
1173 2653 1416 2689 Goschel
1444 2663 1479 2689 o.
1508 2653 1529 2687 1.
1557 2663 1591 2698 p.
1622 2662 1701 2696 27¹·

377 2714 412 2759 5)
438 2714 632 2760 Sequitur,
659 2719 701 2749 ut
726 2714 925 2755 formulae,
953 2714 1001 2749 de
1028 2714 1169 2760 quibus
1196 2714 1233 2748 in
1261 2713 1390 2759 priore
1416 2717 1527 2759 parte
1555 2712 1667 2747 huius
1694 2711 1808 2747 libelli
1828 2711 1899 2748 fuit
1913 2722 2043 2749 sermo

328 2773 408 2820 (pp.
440 2782 492 2817 14,
522 2773 589 2818 15),
615 2774 859 2819 compositae
888 2784 958 2819 per
984 2774 1315 2820 praepositionem
1342 2774 1418 2814 πρὸς
1444 2778 1483 2808 et
1509 2772 1606 2814 illae,
1633 2772 1697 2808 ubi
1725 2772 1822 2807 deus
1840 2772 2044 2808 invocatur

329 2844 399 2880 per
435 2834 669 2875 vocativum,
709 2833 842 2869 addita
881 2833 1071 2879 particula
1111 2831 1134 2866 ὦ
1172 2833 1231 2869 vel
1269 2831 1305 2865 ἰώ
1343 2833 1570 2879 plerumque
1610 2832 1826 2867 iuramenta
1851 2842 1929 2868 non
1954 2833 2042 2875 sint,

328 2893 506 2939 quamvis
543 2892 650 2939 quod
687 2892 736 2927 ad
775 2892 938 2928 sormam
972 2899 1054 2929 arte
1094 2903 1182 2929 cum
1209 2904 1256 2929 eo
1283 2893 1529 2928 cohaereant.
1557 2891 1802 2938 Usurpantur
1827 2891 1877 2927 ad
1903 2901 2044 2938 preces

328 2952 610 2988 asseverandas
637 2951 888 2999 formulisque
914 2953 1007 2988 iuris
1033 2954 1184 2988 iurandi
1211 2958 1298 2989 sunt
1324 2952 1505 2988 inclusae.
1532 2952 1724 2998 Imprimis
1751 2961 1821 2987 eae
1848 2961 1918 2997 per
1931 2962 2043 2998 prae-

329 3011 564 3058 positionem
599 3013 676 3053 πρός
710 3012 954 3058 compositae
981 3023 1099 3059 saepe
1128 3013 1413 3058 coniunguntur
1440 3022 1528 3047 cum
1554 3011 1791 3054 iuramentis,
1818 3016 1907 3046 sunt
1933 3011 2043 3047 obte-

327 3071 528 3113 stationes,
566 3071 603 3107 in
642 3072 782 3118 quibus
816 3071 879 3107 dei
905 3082 1047 3108 nomen
1074 3073 1133 3108 vel
1160 3083 1223 3108 res
1249 3071 1442 3118 quaedam
1469 3072 1672 3107 invocatur
1698 3070 1748 3106 ad
1774 3080 1914 3116 preces
1940 3069 2043 3106 affir-

329 3130 502 3167 mandas.
528 3130 576 3167 cf.
603 3130 726 3166 Index
751 3142 780 3167 s.
808 3142 842 3167 v.
867 3133 953 3173 πρός.

376 3191 414 3232 6)
451 3189 499 3226 cf.
526 3190 806 3236 Hermann,
843 3190 1040 3228 Gottesdl.
1072 3191 1147 3228 Alt.
1173 3190 1196 3237 ἓ
1221 3201 1276 3227 22.
1329 3189 1557 3237 Stengel
1596 3200 1628 3225 a.
1667 3188 2043 3225 lwan-Miiller

329 3258 365 3285 o.
393 3251 416 3286 ι.
442 3249 487 3292 V,
515 3259 535 3294 ³
562 3260 599 3296 p.
625 3251 681 3294 78.
