2392 3750
1196 275 1250 317 88

439 428 460 432 --
514 414 614 455 433.
649 404 905 458 Polyneices
939 412 1084 447 narrat
1118 407 1327 448 iuravisse
1361 421 1422 458 se,
1467 408 1653 450 veritum
1686 421 1741 450 ne
1769 409 1887 451 urbis
1904 410 2083 463 patriae,

366 487 495 528 quam
530 482 820 530 oppugnaret,
855 476 993 517 hostis
1027 477 1276 527 haberetur,
1310 477 1359 524 ὡς
1391 477 1581 524 ἀκουσίως
1597 482 1677 526 τοῖς
1694 478 1912 531 φιλτάτοις
1931 479 2082 521 ἑκοῦσιν

365 543 526 601 (ἤρατο)
557 544 660 596 δόρυ.

426 641 478 646 ——-
513 618 592 668 481
643 618 821 659 fratrem
867 620 983 660 idem
1028 620 1259 673 vituperat,
1305 621 1439 675 quod,
1479 621 1571 662 iure
1603 622 1785 664 iurando
1817 637 2083 678 quamquam

365 689 482 738 dato,
517 685 679 739 ἔδρασεν
712 687 818 730 οὐδὲν
853 685 901 730 ὧν
935 689 1151 743 ὑπέσχετο.

429 784 476 789 —-
512 771 593 812 491
632 762 789 802 iterum
822 775 999 804 causam
1033 777 1157 804 suam
1186 764 1345 806 iustam
1363 778 1462 806 esse
1479 765 1667 807 affirmat
1685 767 1882 820 deosque
1898 773 2084 809 testatus

365 844 542 873 omnem
575 833 746 885 culpam
782 834 904 875 reicit
938 834 1013 887 (cf.
1045 835 1164 888 626).

423 901 642 945 Omnibus
685 904 805 946 hisce
850 904 956 946 locis
998 907 1064 947 ius
1098 906 1325 949 iurandum
1355 909 1588 949 adhibetur
1618 909 1813 950 veritatis
1842 910 2082 951 maximum

363 974 680 1026 testimonium,
716 989 804 1030 quo
837 978 1008 1018 etiamsi
1040 977 1269 1031 Polynices
1303 979 1406 1021 nihil
1438 979 1653 1033 proficiat,
1686 981 1882 1023 sentiunt
1913 995 2083 1032 omnes,

362 1046 436 1099 qui
470 1048 603 1088 verba
635 1048 727 1089 eius
759 1049 950 1099 audiant,
985 1050 1184 1091 iniuriam
1216 1050 1445 1092 Eteoclem
1480 1053 1637 1103 facere,
1671 1053 1714 1094 id
1746 1053 1865 1106 quod
1897 1054 1991 1106 ipse
2013 1053 2082 1095 hic

362 1129 450 1158 non
483 1125 627 1173 negat.
663 1119 838 1161 Etenim
872 1134 934 1161 vs.
972 1128 1079 1173 524:
1113 1122 1221 1172 53'7r6p
1252 1119 1348 1174 γὰρ,
1384 1123 1537 1178 inquit,
1572 1121 1720 1164 ἀδικεῖν
1739 1122 1836 1175 χρὴ,
1854 1122 2082 1175 τυραννίδος

361 1186 449 1239 περὶ
484 1186 705 1230 κάλλιστον
738 1189 901 1234 ἀδικεῖν.
935 1192 1137 1247 Regnum
1170 1207 1260 1234 non
1293 1195 1438 1236 tradit.

425 1285 476 1290 —
539 1263 650 1304 1006
702 1262 814 1305 filius
860 1262 1043 1306 Creonis
1086 1265 1264 1306 minime
1309 1279 1356 1307 se
1399 1267 1602 1321 ignavum
1633 1264 1666 1320 ¹)
1710 1268 1931 1309 aestimari
1973 1267 2082 1310 velle

363 1333 469 1374 dicit
488 1331 533 1387 1),
568 1334 638 1375 dei
671 1336 995 1376 contestatione
1027 1334 1091 1385 μὰ
1124 1334 1190 1377 τὸν
1224 1338 1316 1386 μετ’
1351 1334 1484 1388 ἄστρα
1517 1341 1638 1385 Ζῆνα’
1673 1353 1768 1393 sqq.
1789 1336 1822 1386 2)
1855 1340 1988 1380 verba
2004 1353 2082 1381 sua

359 1404 594 1446 affirmans.
637 1404 737 1446 ἀλλ’
783 1400 878 1455 εἶμι,
911 1408 1066 1463 pergit,
1099 1406 1167 1449 καὶ
1188 1442 1194 1449 .
1218 1442 1225 1449 .
1248 1441 1286 1456 .,
1320 1411 1440 1463 quod
1474 1423 1625 1451 revera
1656 1424 1756 1452 eum
1790 1411 1947 1453 fecisse
1980 1417 2083 1465 post

361 1478 683 1532 cognoscimus,

421 1573 476 1577 —
516 1550 638 1602 1677.
672 1548 896 1605 Antigone
931 1565 1081 1592 verum
1114 1565 1211 1593 esse
1229 1553 1340 1593 iurat
1358 1553 1415 1604 id,
1434 1554 1554 1607 quod
1570 1553 1702 1606 paulo
1720 1561 1821 1595 ante
1841 1553 1923 1610 (vs.
1950 1555 2081 1608 1675)

360 1626 429 1661 est
461 1622 645 1662 minata:
680 1618 751 1669 νύξ
782 1615 845 1672 αἶρ’
876 1620 1003 1669 ἐκείνη
1037 1621 1252 1663 Δαναΐδων
1283 1625 1329 1672 μ’
1364 1619 1444 1672 ἕξει
1474 1622 1589 1673 μίαν,
1620 1624 1779 1667 Creoni
1807 1627 2081 1679 respondens

359 1686 476 1738 εἶδες,
510 1693 584 1746 qui
617 1694 849 1747 rogaverit,
881 1692 925 1734 τὸ
959 1691 1142 1744 τόλμημ’
1177 1689 1245 1735 οἷον
1279 1692 1546 1748 ἐξωνείδισενς

420 1763 487 1804 De
535 1764 784 1818 fragmento
829 1775 910 1816 394
957 1765 1209 1819 Aeschyleo
1255 1767 1399 1820 deque
1441 1766 1676 1820 Sophoclis
1711 1769 1961 1825 fragmento
1991 1780 2073 1822 431

359 1841 461 1888 post
494 1836 715 1888 copiosius
748 1842 913 1891 agetur.
948 1837 1019 1878 Ex
1047 1838 1096 1878 fr.
1118 1839 1206 1888 326
1225 1837 1476 1891 Sophocleo
1493 1853 1706 1893 apparere
1723 1841 1897 1882 videtur
1913 1839 2078 1883 licitum

359 1920 458 1948 esse
490 1908 664 1948 mentiri
695 1908 751 1949 ad
784 1908 977 1961 pericula
1009 1909 1227 1951 evitanda.

418 1978 490 2020 Fr.
537 1980 735 2021 eiusdem
784 1981 869 2031 846
917 1981 1191 2023 demonstrat
1233 1995 1368 2035 saepe
1409 1983 1453 2024 in
1496 1983 1698 2036 periculis
1741 1985 1815 2038 qui
1861 1985 2079 2039 iuraverit,

358 2056 516 2104 postea
546 2064 727 2104 prorsus
759 2053 802 2093 id
834 2052 1080 2108 neglegere.

417 2123 487 2164 Fr.
534 2124 618 2176 847
663 2123 858 2178 itemque
899 2134 986 2175 742
1031 2131 1227 2176 monent,
1271 2139 1360 2167 non
1393 2127 1597 2168 omnibus
1631 2128 1885 2169 iuramentis
1917 2129 2079 2182 pariter

357 2208 457 2236 esse
498 2194 736 2236 fidendum.
781 2194 892 2237 Cum
936 2193 1031 2247 ἀνὴρ
1066 2196 1253 2248 φηλήτης
1284 2197 1358 2251 qui
1390 2198 1561 2249 dicitur,
1596 2205 1690 2240 tum
1723 2199 1926 2241 mulieres
1957 2201 2079 2242 adul-

356 2266 527 2319 terique
561 2279 736 2319 semper
767 2268 823 2308 ad
854 2268 1098 2309 iuramenta
1131 2269 1275 2309 danda
1292 2275 1394 2310 sunt
1411 2270 1688 2322 paratissimi,
1715 2285 1828 2325 quae
1845 2272 2099 2328 neglegere,

357 2341 505 2378 tamen
538 2336 695 2378 solent.

416 2406 454 2447 E
489 2406 745 2462 fragmentis
776 2407 1028 2462 Euripide'i's
1061 2409 1281 2464 plerisque
1312 2410 1415 2451 nihil
1451 2411 1636 2453 derivari
1667 2425 1799 2465 posse
1831 2413 1887 2454 de
1910 2413 1951 2454 vi
1973 2413 2077 2456 iuris

357 2477 526 2519 iurandi
573 2478 698 2520 facile
745 2479 1023 2536 intellegitur,
1072 2482 1173 2535 quia
1221 2495 1310 2535 quo
1358 2483 1492 2527 modo
1534 2496 1634 2524 cum
1678 2485 1836 2525 ceteris
1879 2485 2076 2538 partibus

357 2549 528 2590 fabulae
561 2550 861 2602 cohaererent,
885 2565 1066 2604 prorsus
1085 2559 1151 2594 est
1169 2554 1369 2608 ignotum
1387 2567 1531 2608 neque
1549 2568 1628 2607 per
1644 2568 1691 2596 se
1709 2562 1811 2597 sunt
1828 2557 2073 2609 perspicua.

416 2620 563 2662 Unum
595 2627 767 2663 tantum
801 2623 943 2664 minus
980 2625 1218 2666 obscurum
1252 2632 1333 2678 est,
1366 2626 1450 2678 645
1486 2639 1546 2667 sc.
1581 2627 1655 2668 ubi
1675 2627 1791 2668 idem
1809 2628 1900 2668 fere
1918 2628 2075 2670 dicitur

357 2698 488 2745 atque
520 2691 656 2745 Soph.
693 2694 778 2744 326
809 2707 870 2734 sc.
905 2694 1014 2735 falso
1047 2695 1189 2737 iurare
1222 2697 1353 2737 licere
1384 2698 1440 2738 ad
1473 2697 1715 2750 periculum
1747 2712 1954 2754 magnum
1987 2701 2075 2741 evi·

356 2763 563 2804 tandum:
611 2764 720 2805 deos
768 2765 889 2806 hisce
937 2767 1213 2819 temporibus
1260 2768 1477 2809 conivere.
1528 2768 1672 2810 Etiam
1721 2783 1778 2811 ex
1822 2771 1888 2811 his
1930 2772 2074 2814 verbis

356 2833 493 2875 multa
530 2834 794 2877 concludere
827 2849 915 2878 non
946 2837 1061 2879 licet.

408 2976 440 3018 1)
467 2974 515 3010 Cf.
541 2975 684 3012 Phoen.
716 2988 828 3021 1003:
855 2975 921 3020 ἐγὼ
948 2977 982 3011 δὲ
1010 2978 1140 3021 πατέρα
1170 2979 1227 3012 καὶ
1251 2981 1450 3023 κασίγνητον
1477 2980 1612 3023 προδούς

856 3039 952 3070 πόλιν
978 3043 1011 3070 τ’
1026 3037 1171 3079 ἐμαυτοῦ
1195 3038 1300 3078 δειλὸς
1325 3039 1364 3077 ὥς
1389 3038 1452 3081 ’ἔξω
1477 3043 1599 3083 χθονός

855 3095 972 3138 ἄπειμ’
994 3097 1075 3130 ὅπου
1101 3097 1183 3131 δ’ἰέν
1208 3096 1266 3140 ζῶ,
1293 3101 1389 3137 κακὸς
1412 3099 1613 3142 φανήσομαι,

404 3156 441 3192 2)
468 3153 587 3189 Wec
604 3154 752 3190 klein
778 3161 853 3196 μετ’
878 3155 988 3199 ἄστρα
1013 3158 1035 3194 i.
1063 3168 1095 3193 e⁴
1123 3158 1262 3205 hinter,
1289 3160 1386 3196 iiber
1411 3160 1487 3196 den
1513 3160 1690 3197 Sternen.

467 3212 499 3247 N
514 3222 536 3247 a
551 3224 576 3248 u
591 3224 612 3249 c
627 3214 652 3248 k
676 3220 754 3255 μετ’
780 3213 918 3258 ἄστρων.

2380 2563 2390 2634 04...—
2378 2334 2391 2554 ‘-2..¹.·‚*,.⁴·-a=-..„a-—
2381 2249 2392 2324 ..m

2384 3223 2386 3225 -
2373 3055 2389 3215 »μέὁέυᾼέΐ-ὒ-Αμ

2360 3257 2392 3747 messnsszaeuae
