2326 3718
1177 310 1258 350 106

409 441 574 495 Quanti
621 440 857 493 periurium
901 438 1083 480 duceret
1122 444 1255 491 poeta
1298 440 1404 479 satis
1448 452 1505 480 ex
1538 439 1658 481 hisce
1692 441 1837 482 verbis
1868 446 2063 494 apparet.

349 513 504 564 Neque
538 511 644 552 alios
676 510 799 552 aliter
832 510 1047 551 iudicasse
1079 510 1274 551 ostendit
1306 509 1473 551 Platon.
1509 511 1587 552 Rei
1616 511 1732 564 publ.
1768 511 1802 552 11
1830 525 1871 565 p.
1903 512 1984 562 363
2017 510 2064 562 B,

349 585 446 626 ubi:
480 580 655 629 παῖδας,
689 582 888 637 legimus,
921 578 1000 631 γὰρ
1033 578 1193 621 παίδων
1227 579 1336 633 φασὶ
1370 579 1438 622 καὶ
1458 579 1570 630 γένος
1586 579 1823 623 κατόπισθε
1843 579 2064 623 λείπεσθαι

349 656 420 696 τοῦ
453 651 555 695 ὁσίου
589 650 660 694 καὶ
690 651 841 704 εὐόρκου
868 650 919 707 ¹).

407 726 451 767 H
468 740 492 767 e
511 739 529 766 r
546 738 573 766 o
591 725 619 766 d
636 738 663 766 o
680 731 698 766 t
715 738 742 766 u
760 738 781 765 s
813 723 951 766 multo
983 722 1180 766 severius
1211 730 1356 766 narrat
1379 725 1608 766 iudicium:
1643 724 1797 767 Glauci
1815 738 1952 781 genus
1969 738 2068 767 esse

348 810 527 852 prorsus
570 796 876 849 exstirpatum,
918 808 1007 837 non
1050 809 1118 847 eo,
1151 796 1272 848 quod
1305 796 1371 837 ius
1409 796 1639 839 iurandum
1670 810 1759 839 non
1789 797 2068 849 servavisset,

348 869 427 911 sed
459 868 580 921 quod
611 868 666 908 de
698 880 752 908 eo
786 866 989 908 violando
1022 867 1216 921 cogitare
1247 880 1380 909 ausus
1412 874 1531 909 esset
1551 865 1603 921 ²).

407 940 526 982 Idem
558 945 713 992 postea
746 939 878 980 docet
909 938 948 980 T
966 939 994 980 h
1011 952 1039 980 u
1057 952 1080 980 c
1098 952 1127 992 y
1145 939 1173 980 d
1190 939 1203 979 i
1221 939 1250 980 d
1267 952 1291 980 e
1309 953 1329 980 s
1354 936 1403 992 ³),
1437 940 1511 992 qui
1545 939 1702 981 malam
1734 938 1945 982 Graeciae
1962 952 2067 982 con-

349 1012 567 1053 dicionem
613 1023 815 1052 narrans:
865 1011 954 1051 οὔτε
988 1007 1121 1058 λόγος,
1159 1011 1313 1063 inquit,
1358 1009 1501 1062 ἐχυρὸς
1533 1011 1623 1052 οὔτε
1657 1007 1768 1061 ὅρκος
1802 1008 1992 1063 φόβερος,
2023 1011 2067 1053 id

348 1084 467 1136 quod
515 1084 757 1124 maximum
804 1082 1026 1135 nequitiae
1073 1083 1375 1124 testimonium
1426 1083 1672 1125 arbitratur.
1706 1083 1840 1136 Apud
1873 1082 2066 1124 Xeno—

347 1169 376 1208 p
394 1155 423 1196 h
440 1168 467 1196 o
485 1168 512 1195 n
530 1160 547 1195 t
566 1169 589 1195 e
607 1167 650 1195 m
670 1150 704 1208 ¹⁸)
752 1153 990 1195 Clearchus
1037 1160 1202 1205 monet,
1251 1167 1306 1195 ne
1350 1156 1594 1195 iuramenta
1636 1153 1934 1210 neglegantur,
1967 1155 2068 1207 quia

348 1227 470 1276 deos,
505 1226 608 1267 iuris
641 1225 809 1267 iurandi
841 1231 1024 1276 tutores,
1057 1238 1190 1266 nemo
1221 1225 1418 1280 effugere
1451 1232 1612 1278 potest.

409 1297 450 1340 O
468 1312 488 1339 r
504 1312 530 1339 a
546 1304 563 1339 t
580 1311 607 1338 o
625 1311 644 1338 r
661 1311 686 1338 e
703 1310 723 1338 s
755 1297 929 1351 saepius
962 1297 1078 1339 idem
1112 1297 1431 1350 demonstrant,
1450 1310 1637 1350 quorum
1654 1298 1895 1339 sententias
1913 1309 2068 1339 omnes

349 1382 606 1412 enumerare
637 1369 815 1424 longum
848 1376 916 1410 est
949 1381 1093 1421 neque
1125 1368 1252 1410 huius
1284 1369 1430 1422 operis
1448 1367 1500 1422 ⁵).

410 1441 497 1482 Iam
531 1442 649 1483 satis.
683 1440 882 1494 Apparet
914 1453 1070 1496 graves
1102 1440 1303 1482 homines
1337 1442 1535 1493 periuros
1568 1454 1734 1494 poenas
1766 1453 1943 1482 manere

408 1512 662 1565 Antequam
707 1512 763 1553 ad
809 1513 929 1565 ipsos
976 1512 1167 1567 tragicos
1212 1512 1457 1565 redeamus,
1500 1525 1635 1554 unum
1668 1512 1754 1553 iam
1787 1512 2067 1554 referendum

349 1591 429 1636 est,
473 1585 593 1637 quod
625 1596 792 1637 poenas
825 1583 1003 1636 periurii
1036 1595 1167 1636 quam
1201 1583 1532 1625 distinctissime
1565 1584 1782 1625 ostendit:
1817 1584 2067 1625 exsecratio

349 1670 410 1698 sc.
458 1656 713 1698 iuramentis
762 1654 1033 1697 Graecorum
1081 1654 1301 1708 plerisque
1332 1656 1483 1697 addita
1515 1656 1678 1708 quippe
1710 1668 1798 1708 qua
1828 1655 1892 1696 vir
1923 1656 2068 1697 iurans

348 1729 443 1782 ipse
503 1741 670 1781 poenas
736 1727 1003 1780 imprecetur
1066 1740 1166 1768 cum
1229 1727 1326 1780 sibi,
1385 1732 1479 1768 tum
1536 1727 1695 1780 liberis,
1755 1727 1860 1779 quin
1919 1726 2069 1782 generi

348 1800 552 1842 universo
575 1796 621 1855 6).

408 1872 490 1913 De
537 1869 871 1924 Aeschylo.
919 1869 1075 1923 Neque
1123 1870 1166 1911 in
1213 1869 1370 1911 fabulis
1413 1869 1622 1923 Aeschyli
1655 1869 1814 1911 relictis
1846 1882 1992 1923 neque
2023 1869 2066 1912 in

400 2046 432 2085 ι)
460 2042 506 2079 cs.
533 2043 582 2078 de
610 2043 686 2078 hoc
717 2042 805 2078 loco
831 2042 876 2078 R.
902 2042 949 2078 H.
978 2042 1142 2088 Woltj
1158 2052 1179 2077 e
1195 2053 1223 2087 r,
1262 2042 1310 2077 de
1337 2041 1496 2078 Platone
1519 2041 1922 2077 Prae-Socraticorum
1945 2041 2068 2087 philo-

347 2104 560 2147 sophorum
587 2103 856 2138 existimatore
884 2107 924 2137 et
949 2102 1089 2144 iudice,
1122 2112 1210 2145 1904
1237 2113 1301 2148 pp.
1333 2111 1407 2145 171,
1428 2111 1504 2146 173,
1523 2111 1599 2145 174.
1628 2101 1891 2146 Schmidt,
1917 2101 2068 2137 Ethikl

347 2173 436 2209 pgg.
463 2165 508 2198 28
535 2174 621 2208 sqq.
636 2175 644 2195 2
672 2162 790 2207 „sind
818 2161 921 2197 doch
936 2161 1006 2196 der
1021 2161 1162 2196 Menon
1176 2161 1246 2197 des
1261 2160 1570 2207 gleichnamigen
1586 2160 1755 2207 Dialogs‚
1771 2160 1840 2196 der
1855 2160 2066 2196 Pausanias

347 2222 417 2258 des
445 2221 680 2267 Gastmahls‚
707 2222 777 2256 der
802 2220 1013 2267 Kephalos,
1041 2221 1110 2256 der
1137 2220 1420 2262 Polemarchos,
1437 2220 1507 2255 der
1522 2219 1712 2262 Glaukon,
1727 2220 1797 2255 der
1811 2220 2067 2256 Adeimantos

348 2281 418 2317 der
455 2281 649 2327 Republik
692 2281 809 2327 Typen
835 2281 1027 2316 sittlieher
1056 2279 1459 2326 Lebensrichtungen,
1487 2280 1558 2315 wie
1585 2280 1642 2315 sie
1669 2284 1782 2315 unter
1809 2279 1944 2315 seinen
1969 2279 2051 2315 Zeit

348 2351 541 2387 genossen
567 2341 695 2387 haufig
720 2340 948 2376 vorhanden
977 2341 1141 2376 waren.''

395 2400 635 2436 Scholiastes
663 2406 774 2446 putat
799 2401 918 2436 verba
947 2400 1103 2435 laudata
1129 2409 1216 2435 esse
1243 2399 1435 2435 Herodoti
1461 2398 1537 2445 (VI,
1563 2398 1647 2444 86);
1673 2398 1800 2434 Adam
1826 2398 1918 2442 (Res
1934 2398 2068 2444 publ.1

347 2461 470 2505 (1905)
497 2472 533 2506 p.
561 2459 620 2506 79)
646 2460 810 2495 Hesiodi
837 2459 898 2500 (O.
925 2459 970 2494 D.
999 2461 1095 2504 285).

397 2525 431 2561 2)
470 2519 519 2555 cf.
559 2520 700 2555 Hero
717 2519 751 2554 d.
790 2519 852 2563 VI,
880 2521 947 2554 86:
988 2517 1134 2551 Γλαύκου
1158 2521 1210 2550 νῦν
1235 2516 1310 2550 οὔτε
1336 2530 1370 2550 τι
1396 2516 1557 2559 ἀπόγονον
1583 2516 1656 2549 ἐστὶ
1679 2515 1769 2550 οὐδὲν
1795 2516 1864 2549 οὔτ’
1892 2517 1982 2555 ἱστίη
2013 2516 2067 2550 οὗ·

347 2578 442 2619 δεμία
467 2576 660 2620 νομιζομένη
685 2577 763 2612 εἶναι
793 2577 950 2618 Γλαύκου,
977 2576 1191 2620 ἐκτέτριπταί
1211 2589 1249 2610 τε
1273 2574 1431 2619 πρόρριζος
1458 2577 1491 2609 ἐκ
1515 2577 1679 2618 Σπάρτης.

397 2638 431 2683 3)
459 2638 508 2674 cf.
536 2638 658 2674 Thuc.
685 2639 747 2683 111,
775 2642 831 2682 83,
860 2649 890 2673 2.

396 2699 432 2741 4)
457 2698 579 2734 Anah.
615 2699 660 2740 II,
687 2708 718 2743 5,
746 2708 789 2742 7:
828 2697 913 2735 ὅστις
942 2697 977 2730 δὲ
1001 2695 1126 2730 τούτων
1152 2697 1262 2740 (ὅρκων
1287 2700 1358 2739 sc,)
1384 2695 1525 2729 σύνοιδεν
1551 2695 1643 2738 αὐτῷ
1669 2694 1916 2737 παρημεληκώς,
1944 2698 2061 2729 τοῦτον

346 2758 413 2799 ἐγὼ
439 2755 551 2790 οὔποτ’
579 2756 618 2790 ἂν
642 2757 918 2799 εὐδαιμονίσαιμι·
947 2758 998 2790 τῦν
1023 2760 1087 2799 ’γὰρ
1113 2759 1192 2789 θεῶν
1217 2758 1360 2798 πόλεμον
1386 2756 1443 2788 οὐκ
1468 2755 1541 2789 οἶδα
1567 2754 1634 2788 οὔτ’
1661 2756 1725 2789 ἀπὸ
1751 2756 1843 2788 ποιόυ
1870 2754 1908 2788 biv
1934 2755 2068 2799 τάχους

347 2815 476 2859 φεύγων
513 2829 562 2854 τις
598 2816 768 2860 ἀποφύγοι
802 2816 869 2850 οὔτ’
895 2817 937 2854 εἷς
962 2818 1054 2850 ποῖον
1079 2816 1118 2849 ἄν
1147 2818 1259 2853 σκότος
1284 2815 1443 2858 ἀποδραίη
1470 2814 1541 2848 οὔθ’
1569 2815 1652 2853 ὅπως
1677 2814 1715 2848 ἄν
1739 2815 1780 2852 εἷς
1805 2815 1919 2858 ἐχυρὸν
1944 2814 2065 2857 χόριον

347 2876 527 2914 ἀποσταίη,

396 2935 431 2982 5)
460 2936 509 2972 cf.
535 2937 652 2984 Lyc.
680 2947 735 2982 79,
762 2947 831 2981 943
857 2937 1140 2972 Pseudo-Dem.
1167 2937 1205 2971 in
1224 2935 1400 2971 'Timoth.
1428 2935 1448 2980 ξ
1474 2938 1531 2979 67.

394 2995 601 3031 Praeterea
626 2995 813 3039 Meuss,
842 2997 906 3032 die
932 2995 1230 3042 Vorstellungen
1256 3006 1333 3031 von
1360 2994 1539 3031 Gottheit
1566 2994 1645 3030 und
1672 2994 1874 3030 Schicksal
1903 2994 1967 3030 bei
1989 2994 2066 3030 den

348 3055 553 3090 Attischen
579 3055 761 3091 Rednern
787 3067 822 3102 p.
852 3066 942 3099 449;
971 3055 1243 3091 Kiihnlein
1271 3066 1306 3090 o.
1334 3055 1355 3090 l.
1384 3066 1448 3100 pp.
1475 3066 1496 3098 9
1523 3066 1610 3100 sqq.

395 3113 431 3159 6)
469 3113 517 3149 cf.
543 3115 602 3150 ius
628 3115 832 3151 iurandum
858 3115 1119 3151 Heliastarum
1146 3115 1373 3157 (Franke
1389 3114 1410 3159 l,
1438 3114 1602 3149 Hermes
1629 3113 1746 3148 XXX
1773 3124 1836 3159 pp.
1864 3124 1945 3155 414,
1974 3114 2058 3158 459)

349 3183 427 3219 quo
464 3173 613 3209 iudices
652 3175 920 3221 magistratum
958 3175 1136 3210 ineuntes
1163 3179 1396 3220 precantur:
1430 3174 1488 3208 καὶ
1513 3172 1563 3211 ε’ίη
1587 3172 1646 3214 μέν
1671 3185 1725 3214 μοι
1751 3171 1927 3214 εὖορκοῦντι
1954 3171 2066 3204 πολλὰ

348 3232 405 3265 καὶ
428 3231 559 3274 ἀγαθά,
590 3233 786 3276 ἐπιορκοῦντι
813 3233 841 3269 δ’
855 3232 991 3277 ἒξώλεια
1015 3232 1107 3276 αὐτῷ
1131 3246 1170 3267 τε
1195 3232 1252 3266 καὶ
1274 3231 1375 3276 γένει.
