2392 3750
1137 320 1192 371 83

310 450 355 492 τὸ
396 448 515 498 θεῖον,
558 449 660 492 ἀλλ’
703 448 793 503 ἔχει
825 447 994 492 συνιέναι
1026 448 1119 497 τοὺς
1148 451 1279 496 κακῶς
1312 448 1527 500 παγέντας
1558 447 1687 502 ὅρκους
1716 449 1784 492 καὶ
1818 465 2025 501 κατηναγ-

309 521 551 573 κάσμένους.

370 593 691 648 Agamemnon,
735 594 810 648 qui
855 593 1044 635 fortasse
1085 593 1127 634 h.
1161 593 1186 634 l.
1230 600 1390 646 poetae
1422 594 1558 647 ipsius
1589 594 1843 647 opinionem
1876 595 2023 647 refert,

309 666 513 718 opinatur
554 677 643 706 non
682 677 856 718 semper
900 665 967 706 ius
1005 665 1236 706 iurandum
1267 678 1366 706 esse
1399 666 1677 708 servandum.
1710 664 1858 708 Ceteri
1889 666 2025 708 duces

308 741 457 777 tamen
490 736 530 776 ei
561 748 647 776 non
681 735 848 777 assensi
880 748 980 776 esse
1012 735 1228 787 videntur,
1265 744 1466 791 pergunt.

367 807 435 848 De
483 807 629 848 verbis
668 806 1031 863 Agamemnonis,
1077 820 1190 861 quae
1234 809 1480 850 iuramento
1526 809 1777 851 obtrectare
1809 809 2023 860 videntur,

307 885 411 931 post
443 877 578 931 plura.

368 973 423 979 --
455 958 558 1002 473.
591 949 830 1000 Menelaus,
862 956 910 990 ut
942 949 1063 991 fratri
1096 964 1144 991 se
1177 951 1372 991 misereri
1405 952 1498 993 eius
1530 953 1808 1005 persuadeat,
1841 954 1953 994 iurat
1976 966 2025 994 se

306 1021 552 1063 locuturum
586 1034 644 1062 ex
676 1021 808 1062 animi
839 1022 1058 1062 sententia
1073 1019 1126 1077 ²),
1157 1035 1302 1076 neque
1333 1023 1486 1064 iniuria
1518 1030 1707 1075 veretur,
1726 1030 1774 1066 ut
1791 1024 1874 1066 sibi
1891 1024 2024 1066 fidem

307 1092 468 1134 habeat
526 1091 847 1147 Agamemnon,
897 1092 1104 1143 hortanti,
1151 1100 1199 1134 ut
1247 1094 1494 1135 exercitum
1544 1094 1737 1136 dimittat
1780 1108 2024 1150 omnesque

307 1164 487 1205 domum
546 1164 706 1205 reverti
753 1164 913 1206 iubeat*
959 1163 1057 1217 Ipse
1102 1165 1219 1206 enim
1262 1166 1444 1206 maritus
1489 1164 1684 1207 Helenae
1726 1167 2024 1220 expeditionis

307 1235 388 1276 fuit
419 1242 586 1287 auctor,
629 1236 738 1289 ipse,
781 1242 829 1276 ut
872 1234 1178 1291 Agamemnon
1221 1237 1408 1288 dixerat,
1451 1233 1554 1278 καθ’
1605 1235 1781 1278 Ἑλλάδ’
1814 1236 2025 1290 οἰστρήσας

305 1304 435 1357 δρόμῳ
478 1307 698 1360 principes
746 1308 1031 1349 excitaverat.
1076 1308 1271 1349 Maxime
1321 1310 1492 1360 mirum,
1541 1310 1646 1364 quin
1694 1311 1767 1351 vix
1816 1310 2024 1352 credibile

307 1379 479 1420 videtur
521 1379 786 1420 contrarium
821 1392 922 1420 eum
954 1392 1071 1420 nunc
1107 1380 1272 1421 iubere.
1314 1379 1511 1434 Apparet
1544 1388 1691 1423 autern
1724 1394 1782 1423 ex
1813 1382 1877 1432 iis,
1910 1395 2024 1436 quae

305 1457 430 1503 pater
478 1449 727 1506 Iphigeniae
775 1452 1028 1504 respondet,
1086 1464 1177 1492 non
1225 1452 1386 1494 frustra
1434 1453 1682 1495 Menelaum
1730 1454 2021 1495 iuramentum

306 1522 496 1572 dedisse,
529 1522 715 1572 etiamsi,
736 1523 868 1576 quod
900 1523 1124 1573 suasisset,
1157 1536 1247 1564 non
1278 1525 1486 1577 impetret
1515 1521 1560 1579 ³).

370 1617 416 1622 —
455 1602 555 1646 739.
589 1592 910 1646 Clytaemestra
941 1600 1115 1635 recusat
1148 1596 1306 1636 marito
1339 1609 1505 1649 parere,
1545 1609 1600 1637 ne
1632 1598 1813 1638 omnino
1835 1597 2021 1647 dubitet,

306 1665 397 1706 iure
441 1666 625 1707 iurando
671 1666 805 1706 verba
846 1678 924 1707 sua
964 1666 1190 1707 affirmans
1231 1679 1375 1721 neque
1407 1667 1524 1709 hunc
1557 1668 1771 1719 dubitare¹
1804 1682 1951 1710 annon
1983 1670 2021 1710 ei

306 1743 480 1777 constet
513 1737 748 1787 sententia,
781 1737 888 1778 satis
921 1737 1227 1779 demonstrant
1259 1745 1454 1792 questus,
1488 1752 1600 1793 quos
1623 1753 1686 1781 vs.
1705 1749 1790 1792 742
1809 1740 2020 1782 effundit:

691 1807 792 1856 οἴμοι
825 1806 958 1857 μάτην
991 1804 1070 1860 ᾖξ’,
1108 1806 1272 1856 ἐλπίδος
1298 1807 1604 1865 δ’άπεσφάλην

694 1876 737 1927 ἐξ
771 1876 969 1928 ὀμμάτων
997 1877 1178 1931 δάμαρτ’
1214 1881 1461 1922 ἀποστεῖλαι
1492 1878 1635 1923 θέλων.

366 1974 420 1979 -
452 1952 553 2002 948.
601 1950 795 1992 Achilles
842 1952 1008 1992 iuratus
1055 1951 1287 2005 pollicetur
1333 1966 1382 1994 se
1424 1953 1693 2009 Iphigeniam
1737 1955 2020 1997 defensurum

303 2022 535 2076 ipsumque
567 2030 739 2075 patrem
772 2025 864 2064 eius
895 2023 1215 2075 prohibiturum
1251 2023 1364 2066 filiae
1381 2038 1555 2066 nocere.
1588 2025 1734 2079 Quod,
1754 2040 2020 2081 quamquam

303 2106 477 2134 servare
509 2106 598 2135 non
631 2101 793 2147 potest,
825 2095 927 2148 quia
959 2101 1079 2136 totus
1103 2096 1325 2137 exercitus
1342 2097 1456 2138 duce
1472 2096 1602 2139 Ulixe
1620 2105 1810 2139 mortem
1827 2098 2021 2151 postulat

303 2165 494 2220 virginis,
538 2166 644 2206 satis
686 2166 820 2207 verba
857 2166 950 2207 eius
983 2179 1046 2209 vs.
1087 2177 1200 2217 1414
1230 2167 1424 2209 indicant
1457 2168 1634 2210 minime
1668 2182 1768 2210 eum
1802 2171 2019 2222 promissa

303 2236 406 2276 data
451 2236 724 2291 neglexisse:
773 2233 988 2288 ἄχθομαι,
1037 2237 1269 2289 exclamat,
1315 2240 1409 2279 ἵστω
1457 2237 1588 2286 Θέτις,
1633 2240 1672 2280 εἰ
1715 2240 1772 2290 μή
1818 2255 1863 2281 σε
1909 2238 2020 2282 σώσω

304 2306 554 2348 Δαναΐδαισι
596 2306 665 2348 διά
706 2305 854 2359 μάχης
897 2305 1044 2357 ἐλθών,
1085 2309 1186 2351 licet
1229 2311 1323 2363 ipsa
1363 2310 1586 2366 Iphigenia
1618 2325 1719 2353 eum
1751 2312 1883 2365 paulo
1916 2321 2019 2355 ante

302 2380 490 2421 oraverit
508 2377 565 2432 ⁴):
599 2378 656 2428 μὴ
694 2376 845 2427 θνῆσκε
876 2377 925 2420 δι’
959 2378 1032 2430 ἐμὲ
1059 2378 1407 2433 μηδ’άποκτείνης
1423 2379 1527 2423 τινά.
1561 2382 1706 2424 Etiam
1725 2391 1826 2437 post
1842 2391 2020 2438 paratus

301 2458 369 2492 est
401 2452 548 2492 omnia
579 2451 699 2493 adire
731 2451 923 2505 pericula
955 2452 1102 2506 itaque
1135 2452 1268 2494 fidem
1301 2467 1490 2495 servare.
1523 2455 1613 2500 ἴσως
1647 2453 1745 2506 γὰρ,
1767 2456 2018 2507 arbitratur,

302 2519 377 2562 κᾶν
410 2520 654 2571 μεταγνοίης
685 2520 795 2563 τάδε.

361 2592 501 2648 prig.
541 2592 588 2636 T.
623 2603 705 2647 735
740 2607 832 2648 sqq.
865 2595 1155 2636 iuramentum
1188 2595 1463 2646 describitur,
1496 2598 1616 2651 quod
1648 2613 1673 2639 a
1705 2598 1866 2652 Pylade
1882 2600 2020 2655 exigit

303 2665 546 2721 Iphigenia:
581 2662 687 2717 ὅρκον
721 2663 821 2706 δότω
850 2679 918 2715 μοι
949 2679 1045 2720 sqq.
1079 2665 1264 2718 Pylades
1297 2667 1422 2718 iurat,
1454 2681 1584 2710 unam
1603 2675 1773 2711 tantum
1792 2672 2019 2724 exceptio-

302 2749 402 2778 nem
436 2737 516 2778 sibi
556 2743 736 2790 petens:
770 2736 812 2784 ἤν
840 2750 879 2778 τι
912 2738 1010 2783 ναῦς
1045 2734 1164 2789 πάθῃ
1199 2738 1258 2789 χὴ
1292 2737 1432 2786 δέλτος
1451 2772 1461 2781 .
1481 2772 1488 2780 .
1512 2773 1519 2780 .
1541 2774 1548 2781 .
1569 2738 1736 2794 ἀφανὴς
1768 2740 1935 2791 γένηται
1951 2741 2018 2783 τὸν

302 2804 406 2858 ὅρκον
438 2803 537 2848 εἶναι
570 2806 684 2849 τόνδε
716 2807 859 2858 μηκέτ’
891 2806 1081 2858 ἔμπεδον,
1113 2823 1225 2863 quae
1259 2812 1391 2852 verba
1409 2819 1556 2853 tamen
1576 2813 1712 2866 ipsius
1731 2813 2020 2856 iurisiurandi

355 3008 389 3055 ι)
417 3008 467 3045 cf.
493 3020 530 3045 o.
557 3010 577 3045 l.
603 3021 659 3046 vs.
686 3020 766 3056 393.

352 3069 386 3110 2)
411 3065 430 3106 ἦ
455 3068 519 3109 μὴν
544 3068 620 3110 ipsiu
646 3081 697 3102 σοι
724 3069 814 3104 τάπὸ
838 3070 972 3113 καρδίας
995 3075 1108 3114 emt
1126 3099 1155 3109 ..
1172 3101 1178 3107 .
1195 3098 1203 3106 .
1218 3071 1299 3104 ἀλλ’
1326 3071 1400 3105 um
1426 3075 1540 3114 φρονῶ.

351 3126 387 3173 3)
413 3127 460 3164 cf.
486 3138 521 3164 0.
549 3129 571 3163 Ι.
599 3131 691 3174 506;
717 3129 795 3163 αῘνό
819 3142 868 3171 σε,
894 3134 1064 3171 Μενέλεως,
1091 3132 1142 3165 ὅτι
1167 3134 1256 3173 παρὰ
1282 3130 1414 3173 γνῶμην
1439 3130 1518 3172 ἆμιὶν

716 3188 882 3229 ὑπίθηκας
907 3190 1003 3233 &psas
1028 3193 1108 3229 τοῦς
1133 3194 1252 3233 Λόγους
1276 3194 1338 3224 σοῦ
1361 3196 1395 3224 τ·
1409 3190 1515 3232 ἀξίως,

350 3247 386 3290 4)
411 3246 460 3283 cf.
485 3258 520 3284 o.
549 3246 570 3285 Ι.
598 3258 653 3286 vs.
685 3259 784 3292 ¹⁴¹0·
