<?xml version="1.0" encoding="UTF-8"?>
<!DOCTYPE html PUBLIC "-//W3C//DTD XHTML 1.0 Transitional//EN"
    "http://www.w3.org/TR/xhtml1/DTD/xhtml1-transitional.dtd">
<html xmlns="http://www.w3.org/1999/xhtml" xml:lang="en" lang="en">
 <head>
  <title>
</title>
<meta http-equiv="Content-Type" content="text/html;charset=utf-8" />
  <meta name='ocr-system' content='tesseract 3.04.00' />
  <meta name='ocr-capabilities' content='ocr_page ocr_carea ocr_par ocr_line ocrx_word'/>
</head>
<body>
  <div class='ocr_page' id='page_1' title='image "./deiureiurandoapu00jonguoft_0011.png"; bbox 0 0 2392 3750; ppageno 0'>
   <div class='ocr_carea' id='block_1_1' title="bbox 0 3045 291 3750">
    <p class='ocr_par' dir='ltr' id='par_1_1' title="bbox 0 3045 291 3750">
     <span class='ocr_line' id='line_1_1' title="bbox 0 3045 291 3750; baseline 0 0"><span class='ocrx_word' id='word_1_1' title='bbox 0 3045 291 3750; x_wconf 95' lang='lat' dir='ltr'><strong> </strong></span> 
     </span>
    </p>
   </div>
   <div class='ocr_carea' id='block_1_2' title="bbox 300 879 2020 2571">
    <p class='ocr_par' dir='ltr' id='par_1_2' title="bbox 302 879 2020 1149">
     <span class='ocr_line' id='line_1_2' title="bbox 422 879 2019 934; baseline 0 -12"><span class='ocrx_word' id='word_1_2' title='bbox 422 880 732 934; x_wconf 89' lang='lat' dir='ltr'><strong>Disputatione</strong></span> <span class='ocrx_word' id='word_1_3' title='bbox 776 892 875 920; x_wconf 89' lang='lat' dir='ltr'><strong>mea</strong></span> <span class='ocrx_word' id='word_1_4' title='bbox 905 879 1143 934; x_wconf 88' lang='lat' dir='ltr'><strong>inaugurali</strong></span> <span class='ocrx_word' id='word_1_5' title='bbox 1175 880 1230 921; x_wconf 91' lang='lat' dir='ltr'><strong>ad</strong></span> <span class='ocrx_word' id='word_1_6' title='bbox 1262 879 1393 921; x_wconf 86' lang='lat' dir='ltr'><strong>finem</strong></span> <span class='ocrx_word' id='word_1_7' title='bbox 1426 886 1605 933; x_wconf 90' lang='lat' dir='ltr'><strong>peracta</strong></span> <span class='ocrx_word' id='word_1_8' title='bbox 1638 893 1738 922; x_wconf 88' lang='lat' dir='ltr'><strong>cum</strong></span> <span class='ocrx_word' id='word_1_9' title='bbox 1771 880 1857 921; x_wconf 89' lang='lat' dir='ltr'><strong>iam</strong></span> <span class='ocrx_word' id='word_1_10' title='bbox 1890 881 1932 921; x_wconf 93' lang='lat' dir='ltr'><strong>in</strong></span> <span class='ocrx_word' id='word_1_11' title='bbox 1965 894 2019 922; x_wconf 92' lang='lat' dir='ltr'><strong>eo</strong></span> 
     </span>
     <span class='ocr_line' id='line_1_3' title="bbox 303 950 2020 1004; baseline 0.001 -11"><span class='ocrx_word' id='word_1_12' title='bbox 303 953 400 1000; x_wconf 90' lang='lat' dir='ltr'><strong>sim,</strong></span> <span class='ocrx_word' id='word_1_13' title='bbox 458 958 506 993; x_wconf 93' lang='lat' dir='ltr'><strong>ut</strong></span> <span class='ocrx_word' id='word_1_14' title='bbox 562 953 708 993; x_wconf 91' lang='lat' dir='ltr'><strong>studia</strong></span> <span class='ocrx_word' id='word_1_15' title='bbox 769 951 1021 992; x_wconf 87' lang='lat' dir='ltr'><strong>academica</strong></span> <span class='ocrx_word' id='word_1_16' title='bbox 1067 950 1307 1001; x_wconf 83' lang='lat' dir='ltr'>absolvam,</span> <span class='ocrx_word' id='word_1_17' title='bbox 1356 951 1568 1004; x_wconf 89' lang='lat' dir='ltr'><strong>imprimis</strong></span> <span class='ocrx_word' id='word_1_18' title='bbox 1616 951 1905 993; x_wconf 90' lang='lat' dir='ltr'><strong>celebrandus</strong></span> <span class='ocrx_word' id='word_1_19' title='bbox 1953 959 2020 994; x_wconf 91' lang='lat' dir='ltr'><strong>est</strong></span> 
     </span>
     <span class='ocr_line' id='line_1_4' title="bbox 303 1022 2017 1076; baseline 0.001 -12"><span class='ocrx_word' id='word_1_20' title='bbox 303 1023 424 1065; x_wconf 92' lang='lat' dir='ltr'><strong>Deus</strong></span> <span class='ocrx_word' id='word_1_21' title='bbox 459 1024 654 1076; x_wconf 89' lang='lat' dir='ltr'><strong>optimus</strong></span> <span class='ocrx_word' id='word_1_22' title='bbox 683 1023 915 1073; x_wconf 83' lang='lat' dir='ltr'><strong>maximus,</strong></span> <span class='ocrx_word' id='word_1_23' title='bbox 945 1023 1018 1076; x_wconf 92' lang='lat' dir='ltr'><strong>qui</strong></span> <span class='ocrx_word' id='word_1_24' title='bbox 1047 1022 1132 1063; x_wconf 93' lang='lat' dir='ltr'><strong>huc</strong></span> <span class='ocrx_word' id='word_1_25' title='bbox 1166 1036 1305 1076; x_wconf 90' lang='lat' dir='ltr'><strong>usque</strong></span> <span class='ocrx_word' id='word_1_26' title='bbox 1322 1022 1428 1063; x_wconf 88' lang='lat' dir='ltr'><strong>mihi</strong></span> <span class='ocrx_word' id='word_1_27' title='bbox 1446 1023 1561 1064; x_wconf 89' lang='lat' dir='ltr'><strong>vitae</strong></span> <span class='ocrx_word' id='word_1_28' title='bbox 1578 1024 1777 1076; x_wconf 87' lang='lat' dir='ltr'><strong>pepercit</strong></span> <span class='ocrx_word' id='word_1_29' title='bbox 1795 1025 2017 1065; x_wconf 88' lang='lat' dir='ltr'><strong>maximis-</strong></span> 
     </span>
     <span class='ocr_line' id='line_1_5' title="bbox 302 1093 1066 1149; baseline -0.003 -13"><span class='ocrx_word' id='word_1_30' title='bbox 302 1108 389 1149; x_wconf 89' lang='lat' dir='ltr'><strong>que</strong></span> <span class='ocrx_word' id='word_1_31' title='bbox 422 1108 492 1136; x_wconf 92' lang='lat' dir='ltr'><strong>me</strong></span> <span class='ocrx_word' id='word_1_32' title='bbox 524 1094 673 1136; x_wconf 86' lang='lat' dir='ltr'><strong>affecit</strong></span> <span class='ocrx_word' id='word_1_33' title='bbox 704 1093 930 1135; x_wconf 85' lang='lat' dir='ltr'><strong>beneficiis</strong></span> <span class='ocrx_word' id='word_1_34' title='bbox 963 1094 1066 1135; x_wconf 90' lang='lat' dir='ltr'><strong>suis.</strong></span> 
     </span>
    </p>

    <p class='ocr_par' dir='ltr' id='par_1_3' title="bbox 302 1165 2019 1363">
     <span class='ocr_line' id='line_1_6' title="bbox 422 1165 2019 1216; baseline 0.001 -10"><span class='ocrx_word' id='word_1_35' title='bbox 422 1166 593 1207; x_wconf 89' lang='lat' dir='ltr'><strong>Deinde</strong></span> <span class='ocrx_word' id='word_1_36' title='bbox 640 1166 766 1206; x_wconf 92' lang='lat' dir='ltr'><strong>vobis</strong></span> <span class='ocrx_word' id='word_1_37' title='bbox 814 1165 1034 1216; x_wconf 92' lang='lat' dir='ltr'><strong>omnibus,</strong></span> <span class='ocrx_word' id='word_1_38' title='bbox 1083 1165 1161 1206; x_wconf 90' lang='lat' dir='ltr'><strong>viri</strong></span> <span class='ocrx_word' id='word_1_39' title='bbox 1208 1165 1448 1215; x_wconf 85' lang='lat' dir='ltr'><strong>clarissimi,</strong></span> <span class='ocrx_word' id='word_1_40' title='bbox 1493 1165 1800 1207; x_wconf 89' lang='lat' dir='ltr'><strong>Universitatis</strong></span> <span class='ocrx_word' id='word_1_41' title='bbox 1832 1166 2019 1208; x_wconf 88' lang='lat' dir='ltr'><strong>Liberae</strong></span> 
     </span>
     <span class='ocr_line' id='line_1_7' title="bbox 302 1236 2019 1293; baseline 0.001 -15"><span class='ocrx_word' id='word_1_42' title='bbox 302 1238 584 1279; x_wconf 87' lang='lat' dir='ltr'><strong>Reformatae</strong></span> <span class='ocrx_word' id='word_1_43' title='bbox 617 1237 907 1287; x_wconf 85' lang='lat' dir='ltr'><strong>Professores,</strong></span> <span class='ocrx_word' id='word_1_44' title='bbox 941 1249 1128 1290; x_wconf 90' lang='lat' dir='ltr'><strong>quorum</strong></span> <span class='ocrx_word' id='word_1_45' title='bbox 1162 1236 1322 1278; x_wconf 89' lang='lat' dir='ltr'><strong>scholis</strong></span> <span class='ocrx_word' id='word_1_46' title='bbox 1353 1238 1535 1279; x_wconf 88' lang='lat' dir='ltr'><strong>interfui</strong></span> <span class='ocrx_word' id='word_1_47' title='bbox 1568 1251 1648 1291; x_wconf 92' lang='lat' dir='ltr'><strong>pro</strong></span> <span class='ocrx_word' id='word_1_48' title='bbox 1682 1251 1840 1293; x_wconf 88' lang='lat' dir='ltr'><strong>magna</strong></span> <span class='ocrx_word' id='word_1_49' title='bbox 1874 1245 2019 1280; x_wconf 89' lang='lat' dir='ltr'><strong>vestra</strong></span> 
     </span>
     <span class='ocr_line' id='line_1_8' title="bbox 304 1308 1381 1363; baseline -0.002 -12"><span class='ocrx_word' id='word_1_50' title='bbox 304 1310 609 1351; x_wconf 87' lang='lat' dir='ltr'><strong>benevolentia</strong></span> <span class='ocrx_word' id='word_1_51' title='bbox 643 1309 686 1349; x_wconf 92' lang='lat' dir='ltr'><strong>in</strong></span> <span class='ocrx_word' id='word_1_52' title='bbox 717 1321 788 1349; x_wconf 90' lang='lat' dir='ltr'><strong>me</strong></span> <span class='ocrx_word' id='word_1_53' title='bbox 821 1322 879 1349; x_wconf 86' lang='lat' dir='ltr'><strong>ex</strong></span> <span class='ocrx_word' id='word_1_54' title='bbox 911 1309 1058 1349; x_wconf 89' lang='lat' dir='ltr'><strong>animo</strong></span> <span class='ocrx_word' id='word_1_55' title='bbox 1089 1308 1251 1363; x_wconf 84' lang='lat' dir='ltr'><strong>gratias</strong></span> <span class='ocrx_word' id='word_1_56' title='bbox 1283 1321 1381 1363; x_wconf 87' lang='lat' dir='ltr'><strong>ago.</strong></span> 
     </span>
    </p>

    <p class='ocr_par' dir='ltr' id='par_1_4' title="bbox 301 1380 2020 1792">
     <span class='ocr_line' id='line_1_9' title="bbox 420 1380 2018 1435; baseline 0 -13"><span class='ocrx_word' id='word_1_57' title='bbox 420 1380 632 1422; x_wconf 87' lang='lat' dir='ltr'><strong>Attamen</strong></span> <span class='ocrx_word' id='word_1_58' title='bbox 686 1393 775 1421; x_wconf 91' lang='lat' dir='ltr'><strong>non</strong></span> <span class='ocrx_word' id='word_1_59' title='bbox 838 1393 1021 1433; x_wconf 88' lang='lat' dir='ltr'><strong>possum</strong></span> <span class='ocrx_word' id='word_1_60' title='bbox 1079 1393 1169 1421; x_wconf 92' lang='lat' dir='ltr'><strong>non</strong></span> <span class='ocrx_word' id='word_1_61' title='bbox 1216 1381 1309 1430; x_wconf 93' lang='lat' dir='ltr'><strong>tibi,</strong></span> <span class='ocrx_word' id='word_1_62' title='bbox 1359 1380 1597 1421; x_wconf 82' lang='lat' dir='ltr'><strong>clarissime</strong></span> <span class='ocrx_word' id='word_1_63' title='bbox 1630 1380 1848 1430; x_wconf 84' lang='lat' dir='ltr'>WOLTJER</span> <span class='ocrx_word' id='word_1_64' title='bbox 1879 1388 2018 1435; x_wconf 88' lang='lat' dir='ltr'><strong>pater,</strong></span> 
     </span>
     <span class='ocr_line' id='line_1_10' title="bbox 301 1444 2019 1508; baseline -0.001 -14"><span class='ocrx_word' id='word_1_65' title='bbox 301 1453 558 1494; x_wconf 90' lang='lat' dir='ltr'><strong>nominatim</strong></span> <span class='ocrx_word' id='word_1_66' title='bbox 602 1465 731 1507; x_wconf 85' lang='lat' dir='ltr'><strong>agere</strong></span> <span class='ocrx_word' id='word_1_67' title='bbox 775 1453 951 1508; x_wconf 85' lang='lat' dir='ltr'><strong>gratias,</strong></span> <span class='ocrx_word' id='word_1_68' title='bbox 996 1452 1160 1504; x_wconf 90' lang='lat' dir='ltr'><strong>quippe</strong></span> <span class='ocrx_word' id='word_1_69' title='bbox 1194 1453 1268 1504; x_wconf 89' lang='lat' dir='ltr'><strong>qui</strong></span> <span class='ocrx_word' id='word_1_70' title='bbox 1300 1452 1402 1493; x_wconf 91' lang='lat' dir='ltr'><strong>inde</strong></span> <span class='ocrx_word' id='word_1_71' title='bbox 1434 1466 1460 1493; x_wconf 91' lang='lat' dir='ltr'><strong>a</strong></span> <span class='ocrx_word' id='word_1_72' title='bbox 1491 1465 1629 1505; x_wconf 92' lang='lat' dir='ltr'><strong>puero</strong></span> <span class='ocrx_word' id='word_1_73' title='bbox 1662 1466 1733 1493; x_wconf 86' lang='lat' dir='ltr'><strong>me</strong></span> <span class='ocrx_word' id='word_1_74' title='bbox 1765 1444 2019 1503; x_wconf 86' lang='lat' dir='ltr'><strong>erudiveris‚</strong></span> 
     </span>
     <span class='ocr_line' id='line_1_11' title="bbox 302 1523 2019 1579; baseline -0.001 -13"><span class='ocrx_word' id='word_1_75' title='bbox 302 1525 376 1576; x_wconf 88' lang='lat' dir='ltr'><strong>qui</strong></span> <span class='ocrx_word' id='word_1_76' title='bbox 432 1525 762 1566; x_wconf 87' lang='lat' dir='ltr'><strong>adulescentem</strong></span> <span class='ocrx_word' id='word_1_77' title='bbox 810 1537 880 1564; x_wconf 88' lang='lat' dir='ltr'><strong>me</strong></span> <span class='ocrx_word' id='word_1_78' title='bbox 930 1537 1091 1579; x_wconf 89' lang='lat' dir='ltr'><strong>magno</strong></span> <span class='ocrx_word' id='word_1_79' title='bbox 1140 1523 1383 1565; x_wconf 87' lang='lat' dir='ltr'><strong>litterarum</strong></span> <span class='ocrx_word' id='word_1_80' title='bbox 1430 1537 1581 1565; x_wconf 89' lang='lat' dir='ltr'><strong>amore</strong></span> <span class='ocrx_word' id='word_1_81' title='bbox 1628 1525 1850 1576; x_wconf 90' lang='lat' dir='ltr'><strong>imbueris,</strong></span> <span class='ocrx_word' id='word_1_82' title='bbox 1897 1526 2019 1566; x_wconf 91' lang='lat' dir='ltr'><strong>cuius</strong></span> 
     </span>
     <span class='ocr_line' id='line_1_12' title="bbox 301 1595 2020 1650; baseline 0.001 -14"><span class='ocrx_word' id='word_1_83' title='bbox 301 1596 463 1638; x_wconf 89' lang='lat' dir='ltr'><strong>scholis</strong></span> <span class='ocrx_word' id='word_1_84' title='bbox 493 1609 663 1638; x_wconf 88' lang='lat' dir='ltr'><strong>summa</strong></span> <span class='ocrx_word' id='word_1_85' title='bbox 695 1595 923 1649; x_wconf 81' lang='lat' dir='ltr'><strong>voluptate</strong></span> <span class='ocrx_word' id='word_1_86' title='bbox 943 1609 1021 1648; x_wconf 90' lang='lat' dir='ltr'><strong>per</strong></span> <span class='ocrx_word' id='word_1_87' title='bbox 1039 1602 1106 1636; x_wconf 91' lang='lat' dir='ltr'><strong>tot</strong></span> <span class='ocrx_word' id='word_1_88' title='bbox 1125 1609 1265 1637; x_wconf 90' lang='lat' dir='ltr'><strong>annos</strong></span> <span class='ocrx_word' id='word_1_89' title='bbox 1283 1596 1568 1646; x_wconf 86' lang='lat' dir='ltr'><strong>interfuerim,</strong></span> <span class='ocrx_word' id='word_1_90' title='bbox 1588 1596 1712 1638; x_wconf 90' lang='lat' dir='ltr'><strong>cuius</strong></span> <span class='ocrx_word' id='word_1_91' title='bbox 1730 1597 2020 1650; x_wconf 87' lang='lat' dir='ltr'><strong>perspicuitas</strong></span> 
     </span>
     <span class='ocr_line' id='line_1_13' title="bbox 301 1667 2018 1720; baseline 0 -11"><span class='ocrx_word' id='word_1_92' title='bbox 301 1668 344 1709; x_wconf 87' lang='lat' dir='ltr'><strong>in</strong></span> <span class='ocrx_word' id='word_1_93' title='bbox 391 1668 595 1709; x_wconf 92' lang='lat' dir='ltr'><strong>docendo</strong></span> <span class='ocrx_word' id='word_1_94' title='bbox 642 1681 818 1720; x_wconf 87' lang='lat' dir='ltr'><strong>semper</strong></span> <span class='ocrx_word' id='word_1_95' title='bbox 865 1667 970 1708; x_wconf 92' lang='lat' dir='ltr'><strong>mihi</strong></span> <span class='ocrx_word' id='word_1_96' title='bbox 1012 1667 1219 1720; x_wconf 84' lang='lat' dir='ltr'><strong>exemplo</strong></span> <span class='ocrx_word' id='word_1_97' title='bbox 1254 1668 1398 1718; x_wconf 90' lang='lat' dir='ltr'><strong>fuerit,</strong></span> <span class='ocrx_word' id='word_1_98' title='bbox 1433 1668 1556 1709; x_wconf 89' lang='lat' dir='ltr'><strong>cuius</strong></span> <span class='ocrx_word' id='word_1_99' title='bbox 1589 1667 1942 1709; x_wconf 87' lang='lat' dir='ltr'><strong>benevolentiam</strong></span> <span class='ocrx_word' id='word_1_100' title='bbox 1976 1670 2018 1709; x_wconf 91' lang='lat' dir='ltr'><strong>in</strong></span> 
     </span>
     <span class='ocr_line' id='line_1_14' title="bbox 302 1738 1054 1792; baseline -0.001 -12"><span class='ocrx_word' id='word_1_101' title='bbox 302 1752 372 1780; x_wconf 91' lang='lat' dir='ltr'><strong>me</strong></span> <span class='ocrx_word' id='word_1_102' title='bbox 403 1752 492 1780; x_wconf 90' lang='lat' dir='ltr'><strong>non</strong></span> <span class='ocrx_word' id='word_1_103' title='bbox 525 1739 631 1780; x_wconf 90' lang='lat' dir='ltr'><strong>satis</strong></span> <span class='ocrx_word' id='word_1_104' title='bbox 663 1738 839 1781; x_wconf 91' lang='lat' dir='ltr'><strong>laudare</strong></span> <span class='ocrx_word' id='word_1_105' title='bbox 872 1740 1054 1792; x_wconf 89' lang='lat' dir='ltr'><strong>possim.</strong></span> 
     </span>
    </p>

    <p class='ocr_par' dir='ltr' id='par_1_5' title="bbox 300 1810 2018 2010">
     <span class='ocr_line' id='line_1_15' title="bbox 418 1810 2018 1861; baseline 0.001 -9"><span class='ocrx_word' id='word_1_106' title='bbox 418 1810 512 1852; x_wconf 94' lang='lat' dir='ltr'><strong>Nec</strong></span> <span class='ocrx_word' id='word_1_107' title='bbox 545 1824 633 1852; x_wconf 91' lang='lat' dir='ltr'><strong>non</strong></span> <span class='ocrx_word' id='word_1_108' title='bbox 681 1811 772 1861; x_wconf 90' lang='lat' dir='ltr'><strong>tibi,</strong></span> <span class='ocrx_word' id='word_1_109' title='bbox 822 1810 1061 1852; x_wconf 88' lang='lat' dir='ltr'><strong>clarissime</strong></span> <span class='ocrx_word' id='word_1_110' title='bbox 1109 1810 1320 1861; x_wconf 70' lang='lat' dir='ltr'><strong>Gmsmx,</strong></span> <span class='ocrx_word' id='word_1_111' title='bbox 1369 1810 1555 1852; x_wconf 88' lang='lat' dir='ltr'><strong>multum</strong></span> <span class='ocrx_word' id='word_1_112' title='bbox 1603 1812 1761 1860; x_wconf 87' lang='lat' dir='ltr'><strong>debeo,</strong></span> <span class='ocrx_word' id='word_1_113' title='bbox 1807 1812 1930 1853; x_wconf 88' lang='lat' dir='ltr'><strong>cuius</strong></span> <span class='ocrx_word' id='word_1_114' title='bbox 1961 1813 2018 1854; x_wconf 95' lang='lat' dir='ltr'><strong>de</strong></span> 
     </span>
     <span class='ocr_line' id='line_1_16' title="bbox 300 1881 2018 1938; baseline 0 -14"><span class='ocrx_word' id='word_1_115' title='bbox 300 1883 480 1924; x_wconf 89' lang='lat' dir='ltr'><strong>historia</strong></span> <span class='ocrx_word' id='word_1_116' title='bbox 525 1882 830 1936; x_wconf 87' lang='lat' dir='ltr'><strong>philosophiae</strong></span> <span class='ocrx_word' id='word_1_117' title='bbox 878 1888 923 1923; x_wconf 92' lang='lat' dir='ltr'><strong>et</strong></span> <span class='ocrx_word' id='word_1_118' title='bbox 970 1881 1138 1938; x_wconf 87' lang='lat' dir='ltr'><strong>logicae</strong></span> <span class='ocrx_word' id='word_1_119' title='bbox 1171 1881 1400 1923; x_wconf 89' lang='lat' dir='ltr'><strong>elementis</strong></span> <span class='ocrx_word' id='word_1_120' title='bbox 1435 1881 1596 1923; x_wconf 91' lang='lat' dir='ltr'><strong>scholis</strong></span> <span class='ocrx_word' id='word_1_121' title='bbox 1630 1889 1676 1924; x_wconf 90' lang='lat' dir='ltr'><strong>ut</strong></span> <span class='ocrx_word' id='word_1_122' title='bbox 1713 1883 1880 1924; x_wconf 87' lang='lat' dir='ltr'><strong>fruerer</strong></span> <span class='ocrx_word' id='word_1_123' title='bbox 1913 1884 2018 1925; x_wconf 90' lang='lat' dir='ltr'><strong>mihi</strong></span> 
     </span>
     <span class='ocr_line' id='line_1_17' title="bbox 301 1954 1948 2010; baseline 0.001 -15"><span class='ocrx_word' id='word_1_124' title='bbox 301 1955 485 2010; x_wconf 84' lang='lat' dir='ltr'><strong>contigit</strong></span> <span class='ocrx_word' id='word_1_125' title='bbox 517 1954 682 2007; x_wconf 89' lang='lat' dir='ltr'><strong>quique</strong></span> <span class='ocrx_word' id='word_1_126' title='bbox 714 1967 890 2007; x_wconf 90' lang='lat' dir='ltr'><strong>semper</strong></span> <span class='ocrx_word' id='word_1_127' title='bbox 921 1954 1389 1995; x_wconf 88' lang='lat' dir='ltr'><strong>benevolentissimum</strong></span> <span class='ocrx_word' id='word_1_128' title='bbox 1421 1960 1466 1995; x_wconf 91' lang='lat' dir='ltr'><strong>te</strong></span> <span class='ocrx_word' id='word_1_129' title='bbox 1498 1955 1756 2007; x_wconf 89' lang='lat' dir='ltr'><strong>praestitisti</strong></span> <span class='ocrx_word' id='word_1_130' title='bbox 1788 1956 1830 1996; x_wconf 92' lang='lat' dir='ltr'><strong>in</strong></span> <span class='ocrx_word' id='word_1_131' title='bbox 1863 1969 1948 1997; x_wconf 90' lang='lat' dir='ltr'><strong>me.</strong></span> 
     </span>
    </p>

    <p class='ocr_par' dir='ltr' id='par_1_6' title="bbox 300 2025 2018 2427">
     <span class='ocr_line' id='line_1_18' title="bbox 420 2025 2018 2080; baseline 0.001 -13"><span class='ocrx_word' id='word_1_132' title='bbox 420 2026 623 2078; x_wconf 86' lang='lat' dir='ltr'><strong>Denique</strong></span> <span class='ocrx_word' id='word_1_133' title='bbox 664 2032 790 2080; x_wconf 83' lang='lat' dir='ltr'><strong>grato</strong></span> <span class='ocrx_word' id='word_1_134' title='bbox 821 2025 968 2067; x_wconf 89' lang='lat' dir='ltr'><strong>animo</strong></span> <span class='ocrx_word' id='word_1_135' title='bbox 1000 2032 1045 2066; x_wconf 92' lang='lat' dir='ltr'><strong>te</strong></span> <span class='ocrx_word' id='word_1_136' title='bbox 1069 2026 1308 2067; x_wconf 87' lang='lat' dir='ltr'><strong>clarissime</strong></span> <span class='ocrx_word' id='word_1_137' title='bbox 1325 2025 1540 2075; x_wconf 76' lang='lat' dir='ltr'>WOLTJER</span> <span class='ocrx_word' id='word_1_138' title='bbox 1556 2025 1629 2078; x_wconf 86' lang='lat' dir='ltr'><strong>fili,</strong></span> <span class='ocrx_word' id='word_1_139' title='bbox 1647 2027 2018 2068; x_wconf 90' lang='lat' dir='ltr'><strong>aestumatissime</strong></span> 
     </span>
     <span class='ocr_line' id='line_1_19' title="bbox 300 2095 2016 2150; baseline 0.001 -11"><span class='ocrx_word' id='word_1_140' title='bbox 300 2105 529 2150; x_wconf 85' lang='lat' dir='ltr'><strong>promotor</strong></span> <span class='ocrx_word' id='word_1_141' title='bbox 560 2098 754 2146; x_wconf 89' lang='lat' dir='ltr'><strong>nomino,</strong></span> <span class='ocrx_word' id='word_1_142' title='bbox 788 2095 863 2149; x_wconf 89' lang='lat' dir='ltr'><strong>qui</strong></span> <span class='ocrx_word' id='word_1_143' title='bbox 895 2109 1162 2149; x_wconf 87' lang='lat' dir='ltr'><strong>quamquam</strong></span> <span class='ocrx_word' id='word_1_144' title='bbox 1194 2097 1356 2139; x_wconf 91' lang='lat' dir='ltr'><strong>scholis</strong></span> <span class='ocrx_word' id='word_1_145' title='bbox 1389 2097 1475 2138; x_wconf 92' lang='lat' dir='ltr'><strong>tuis</strong></span> <span class='ocrx_word' id='word_1_146' title='bbox 1497 2110 1586 2138; x_wconf 93' lang='lat' dir='ltr'><strong>non</strong></span> <span class='ocrx_word' id='word_1_147' title='bbox 1603 2098 1677 2139; x_wconf 92' lang='lat' dir='ltr'><strong>diu</strong></span> <span class='ocrx_word' id='word_1_148' title='bbox 1695 2099 1883 2149; x_wconf 89' lang='lat' dir='ltr'><strong>interfui,</strong></span> <span class='ocrx_word' id='word_1_149' title='bbox 1904 2100 2016 2140; x_wconf 91' lang='lat' dir='ltr'><strong>viam</strong></span> 
     </span>
     <span class='ocr_line' id='line_1_20' title="bbox 301 2168 2017 2222; baseline 0.001 -12"><span class='ocrx_word' id='word_1_150' title='bbox 301 2169 405 2211; x_wconf 89' lang='lat' dir='ltr'><strong>mihi</strong></span> <span class='ocrx_word' id='word_1_151' title='bbox 438 2170 795 2211; x_wconf 89' lang='lat' dir='ltr'><strong>demonstravisti</strong></span> <span class='ocrx_word' id='word_1_152' title='bbox 827 2181 914 2221; x_wconf 91' lang='lat' dir='ltr'><strong>qua</strong></span> <span class='ocrx_word' id='word_1_153' title='bbox 945 2170 987 2210; x_wconf 93' lang='lat' dir='ltr'><strong>in</strong></span> <span class='ocrx_word' id='word_1_154' title='bbox 1020 2171 1130 2210; x_wconf 91' lang='lat' dir='ltr'><strong>imas</strong></span> <span class='ocrx_word' id='word_1_155' title='bbox 1146 2170 1429 2222; x_wconf 89' lang='lat' dir='ltr'><strong>quaestiones</strong></span> <span class='ocrx_word' id='word_1_156' title='bbox 1446 2168 1721 2211; x_wconf 89' lang='lat' dir='ltr'><strong>difficillimas</strong></span> <span class='ocrx_word' id='word_1_157' title='bbox 1739 2177 2017 2222; x_wconf 91' lang='lat' dir='ltr'><strong>penetrarem</strong></span> 
     </span>
     <span class='ocr_line' id='line_1_21' title="bbox 301 2240 2017 2294; baseline 0 -11"><span class='ocrx_word' id='word_1_158' title='bbox 301 2243 458 2294; x_wconf 91' lang='lat' dir='ltr'><strong>cuique</strong></span> <span class='ocrx_word' id='word_1_159' title='bbox 507 2242 549 2282; x_wconf 89' lang='lat' dir='ltr'><strong>in</strong></span> <span class='ocrx_word' id='word_1_160' title='bbox 597 2240 867 2283; x_wconf 88' lang='lat' dir='ltr'><strong>absolvenda</strong></span> <span class='ocrx_word' id='word_1_161' title='bbox 900 2241 1200 2294; x_wconf 89' lang='lat' dir='ltr'><strong>disputatione</strong></span> <span class='ocrx_word' id='word_1_162' title='bbox 1234 2255 1345 2292; x_wconf 88' lang='lat' dir='ltr'><strong>mea,</strong></span> <span class='ocrx_word' id='word_1_163' title='bbox 1383 2241 1485 2282; x_wconf 92' lang='lat' dir='ltr'><strong>licet</strong></span> <span class='ocrx_word' id='word_1_164' title='bbox 1516 2241 1734 2294; x_wconf 89' lang='lat' dir='ltr'><strong>permulta</strong></span> <span class='ocrx_word' id='word_1_165' title='bbox 1765 2242 1911 2284; x_wconf 87' lang='lat' dir='ltr'><strong>officia</strong></span> <span class='ocrx_word' id='word_1_166' title='bbox 1943 2243 2017 2284; x_wconf 85' lang='lat' dir='ltr'><strong>vix</strong></span> 
     </span>
     <span class='ocr_line' id='line_1_22' title="bbox 301 2313 2017 2366; baseline 0.001 -12"><span class='ocrx_word' id='word_1_167' title='bbox 301 2314 622 2366; x_wconf 87' lang='lat' dir='ltr'><strong>permitterent,</strong></span> <span class='ocrx_word' id='word_1_168' title='bbox 679 2320 726 2354; x_wconf 91' lang='lat' dir='ltr'><strong>ut</strong></span> <span class='ocrx_word' id='word_1_169' title='bbox 771 2318 947 2366; x_wconf 88' lang='lat' dir='ltr'><strong>tempus</strong></span> <span class='ocrx_word' id='word_1_170' title='bbox 995 2313 1287 2366; x_wconf 90' lang='lat' dir='ltr'><strong>impenderes,</strong></span> <span class='ocrx_word' id='word_1_171' title='bbox 1336 2326 1425 2354; x_wconf 89' lang='lat' dir='ltr'><strong>non</strong></span> <span class='ocrx_word' id='word_1_172' title='bbox 1474 2326 1615 2366; x_wconf 89' lang='lat' dir='ltr'><strong>pauca</strong></span> <span class='ocrx_word' id='word_1_173' title='bbox 1660 2315 1805 2356; x_wconf 91' lang='lat' dir='ltr'><strong>debeo</strong></span> <span class='ocrx_word' id='word_1_174' title='bbox 1837 2315 2017 2356; x_wconf 89' lang='lat' dir='ltr'><strong>consilia</strong></span> 
     </span>
     <span class='ocr_line' id='line_1_23' title="bbox 301 2385 541 2427; baseline -0.004 0"><span class='ocrx_word' id='word_1_175' title='bbox 301 2385 541 2427; x_wconf 89' lang='lat' dir='ltr'><strong>utilissima.</strong></span> 
     </span>
    </p>

    <p class='ocr_par' dir='ltr' id='par_1_7' title="bbox 301 2456 2017 2571">
     <span class='ocr_line' id='line_1_24' title="bbox 420 2456 2017 2509; baseline 0.003 -11"><span class='ocrx_word' id='word_1_176' title='bbox 420 2456 478 2498; x_wconf 88' lang='lat' dir='ltr'><strong>Et</strong></span> <span class='ocrx_word' id='word_1_177' title='bbox 511 2470 604 2507; x_wconf 91' lang='lat' dir='ltr'><strong>vos,</strong></span> <span class='ocrx_word' id='word_1_178' title='bbox 638 2456 976 2507; x_wconf 89' lang='lat' dir='ltr'><strong>commilitones,</strong></span> <span class='ocrx_word' id='word_1_179' title='bbox 1009 2468 1197 2509; x_wconf 89' lang='lat' dir='ltr'><strong>quorum</strong></span> <span class='ocrx_word' id='word_1_180' title='bbox 1229 2458 1418 2499; x_wconf 90' lang='lat' dir='ltr'><strong>amicitia</strong></span> <span class='ocrx_word' id='word_1_181' title='bbox 1451 2458 1554 2499; x_wconf 88' lang='lat' dir='ltr'><strong>mihi</strong></span> <span class='ocrx_word' id='word_1_182' title='bbox 1587 2458 1650 2499; x_wconf 93' lang='lat' dir='ltr'><strong>uti</strong></span> <span class='ocrx_word' id='word_1_183' title='bbox 1681 2457 1854 2508; x_wconf 86' lang='lat' dir='ltr'><strong>licebat,</strong></span> <span class='ocrx_word' id='word_1_184' title='bbox 1874 2459 2017 2502; x_wconf 87' lang='lat' dir='ltr'><strong>valere</strong></span> 
     </span>
     <span class='ocr_line' id='line_1_25' title="bbox 301 2529 633 2571; baseline -0.003 0"><span class='ocrx_word' id='word_1_185' title='bbox 301 2542 456 2571; x_wconf 90' lang='lat' dir='ltr'><strong>omnes</strong></span> <span class='ocrx_word' id='word_1_186' title='bbox 488 2529 633 2571; x_wconf 90' lang='lat' dir='ltr'><strong>iubeo.</strong></span> 
     </span>
    </p>
   </div>
  </div>
 </body>
</html>
