2326 3718
1156 267 1234 307 118

391 397 537 452 Vulgo
594 396 650 438 de
703 396 878 449 periurii
924 408 1068 449 poena
1115 395 1262 437 divina
1304 395 1408 437 nihil
1452 403 1648 449 apparet,
1699 399 1820 450 quod
1869 400 2049 442 minime

332 468 489 510 mirum
522 481 619 509 esse
651 467 964 520 unusquisque,
998 479 1088 508 non
1120 480 1300 520 prorsus
1332 466 1602 509 Graecorum
1635 468 1856 524 religionis
1874 470 2048 526 ignarus

332 540 456 581 facile
504 539 733 581 concedet.
780 538 871 580 Iam
919 539 1168 580 exsecratio
1215 539 1297 580 iuri
1344 539 1528 581 iurando
1575 538 1868 582 Heliastarum
1917 555 2051 596 supra

333 611 508 653 laudato
569 610 718 652 addita
765 610 962 651 ostendit
1008 622 1098 651 non
1147 609 1290 651 solum
1339 611 1482 663 ipsum
1529 624 1646 663 eum,
1709 613 1784 664 qui
1831 613 2049 664 iuraverit,

334 695 484 724 verum
518 682 651 723 etiam
684 681 844 723 liberos
876 682 1218 735 universumque
1248 694 1388 738 genus
1419 682 1621 735 punitum
1654 683 1717 724 iri.
1760 683 1875 725 Raro
1909 697 2052 737 poena

334 754 605 797 Graecorum
652 753 861 806 opinione
908 759 1140 806 peccatum
1188 754 1551 806 subsequebatur.
1615 754 1702 806 „Im
1749 754 2051 811 allgemeinen‚

334 826 474 879 inquit
505 825 550 867 M
568 839 592 866 e
609 839 637 867 u
654 838 675 866 s
693 838 713 865 s
734 822 775 876 ¹),
810 824 1010 866 herrscht
1028 824 1217 866 namlich
1234 825 1314 866 der
1328 823 1514 876 Glaube‚
1546 825 1650 867 dasz
1666 826 1738 867 die
1756 825 1916 868 Gotter
1932 826 2054 869 nicht

334 898 474 939 sofort
517 893 725 947 strafen''‚
770 908 903 949 quarn
951 894 1217 937 sententiam
1266 895 1413 937 multis
1459 896 1675 950 exemplis
1722 910 1780 939 ex
1827 903 2052 940 oratorum

335 968 543 1022 operibus
594 967 794 1020 sumptis,
843 967 1086 1008 confirmat.
1122 966 1222 1008 Non
1256 967 1410 1009 iniuria
1442 967 1642 1023 1saeus2)
1672 968 1805 1009 dicit:
1839 966 1925 1009 οὐδὲ
1956 967 2052 1023 γὰρ,

336 1039 353 1081 ὂ
399 1036 493 1086 θεὸς
535 1043 801 1090 παραχρῆμα
858 1035 1038 1090 κολάζει,
1095 1037 1194 1079 ἀλλ’
1249 1040 1353 1086 αὕτη
1410 1038 1482 1088 μὲν
1527 1038 1636 1080 ἐστιν
1682 1036 1912 1091 ἀνθρωπίνη
1954 1038 2054 1090 δίκη.

335 1111 479 1165 Saepe
511 1111 634 1153 liberi
665 1112 800 1165 patris
828 1111 994 1153 scelera
1026 1111 1207 1164 expiant
1224 1108 1276 1166 ²⁸),
1312 1110 1380 1152 vel
1413 1113 1580 1164 posteri
1596 1109 1649 1166 ⁴).

396 1183 570 1239 Tragici
617 1183 734 1224 idem
781 1183 957 1225 docent.
991 1181 1109 1224 Tota
1141 1181 1346 1224 Oresteia
1376 1194 1490 1236 quae
1520 1183 1691 1234 dicitur,
1725 1183 1853 1225 huius
1885 1196 2056 1238 poenae

336 1255 482 1297 liberis
543 1254 781 1296 solvendae
839 1260 907 1296 est
947 1254 1278 1296 documentum.
1328 1253 1503 1295 Diserte
1549 1253 1817 1309 Aegistheus
1865 1254 2058 1296 declarat

337 1326 719 1382 Agamemnonem
752 1339 918 1379 poenas
951 1326 1127 1367 dedisse
1160 1325 1350 1375 sceleris,
1376 1325 1495 1377 quod
1514 1325 1618 1366 olim
1635 1325 1798 1367 Atreus
1817 1326 1860 1367 in
1878 1326 2057 1367 fratrem

339 1399 619 1440 commiserat
635 1396 671 1453 ⁵)
684 1398 921 1451 multisque
937 1397 1030 1438 aliis
1048 1397 1155 1438 locis
1173 1397 1290 1438 idem
1308 1398 1638 1439 demonstratur
1659 1395 1923 1452 ⁶).Attamen
1940 1398 2056 1452 apud

339 1471 529 1512 eundem
562 1476 741 1523 poetam
769 1469 853 1511 alio
885 1469 1010 1511 loco:
1039 1466 1086 1510 τό
1102 1483 1162 1510 τοι
1178 1466 1300 1510 κακόν
1316 1467 1507 1516 ποδῶκες,
1525 1469 1696 1521 dicitur,
1719 1466 1887 1520 ἔρχεται
1903 1466 2060 1520 βροτοῖς

340 1540 407 1583 καὶ
441 1538 741 1592 τάμπλάκημα
773 1540 827 1593 τῷ
859 1541 1026 1592 περῶντι
1059 1539 1129 1587 τὴν
1162 1537 1284 1589 θέμιν
1303 1538 1336 1588 ⁷)
1370 1547 1414 1582 et
1433 1541 1615 1582 chorum
1633 1539 1877 1593 Sophocles
1894 1541 2063 1583 inducit

341 1614 559 1657 Creonem
577 1620 833 1655 monentem
846 1611 881 1666 ⁸)
897 1626 906 1654 :
925 1610 1182 1662 συντέμνουσι
1195 1610 1276 1663 γὰρ
1288 1609 1393 1653 θεῶν
1407 1610 1600 1658 ποδώκεις
1612 1610 1868 1663 κακόφρονας
1878 1609 2060 1662 βλάβαι.

399 1686 545 1728 Poena
576 1686 763 1728 dabatur
790 1685 979 1738 periurii,
1012 1697 1099 1725 non
1131 1690 1279 1725 tamen
1309 1683 1562 1725 hominibus
1592 1682 1674 1725 sed
1701 1682 1791 1724 diis
1808 1680 1857 1739 9).
1875 1684 1923 1726 Id
1939 1684 2060 1736 quod

341 1771 457 1800 nunc
499 1757 712 1810 temporis
758 1757 801 1798 in
848 1756 1069 1810 plerisque
1116 1755 1367 1797 civitatibus
1415 1769 1513 1797 esse
1559 1754 1686 1808 solet,
1735 1761 1783 1797 ut
1830 1755 1937 1806 viro,
1984 1755 2061 1808 qui

341 1829 515 1883 publice
562 1829 741 1882 peierat,
793 1842 947 1884 graves
995 1828 1252 1869 immineant
1299 1840 1469 1880 poenae
1516 1827 1745 1877 humanae,
1793 1827 2061 1882 tragicorum

341 1907 487 1943 aetate
550 1900 738 1942 Athenis
786 1900 882 1955 lege
928 1912 1018 1941 non
1064 1905 1352 1952 praeceptum
1384 1905 1477 1940 erat
1496 1896 1567 1950 ¹⁰).
1617 1897 1875 1941 Communis
1911 1898 2062 1952 opinio

395 2006 500 2051 1)cf.
528 2007 707 2042 Meuss
734 2017 768 2042 o.
797 2006 823 2042 Ι.
848 2017 883 2052 p.
912 2014 992 2050 457.

393 2078 428 2105 2)
455 2066 503 2102 cf.
530 2066 676 2102 Isaei
702 2065 768 2102 Or.
796 2066 932 2101 XVIII.
960 2077 1005 2111 33
1032 2066 1071 2100 in
1096 2065 1343 2101 Andocidem
1371 2075 1428 2100 20.

393 2128 427 2171 3)
454 2126 502 2162 cf.
536 2125 630 2172 Lyc.
655 2124 676 2170 ξ
702 2134 747 2169 79
773 2130 814 2161 et
838 2126 898 2161 ius
919 2125 1135 2170 iurandum,
1163 2125 1270 2171 quod
1295 2124 1445 2160 iudices
1475 2124 1673 2170 Areopagi
1699 2124 1845 2160 dabant
1859 2124 2064 2171 magistra-

344 2192 426 2223 tum
453 2187 630 2221 ineuntes
657 2185 706 2220 cf.
734 2185 845 2220 Dem.
872 2185 1013 2227 XXIII,
1040 2188 1108 2229 67;
1136 2184 1312 2226 XXVIII,
1341 2195 1431 2228 29o;
1461 2184 1553 2231 Lyc.
1570 2185 1651 2227 XII,
1672 2184 2062 2228 10;Aeschin.11‚87.

394 2248 430 2291 4)
456 2246 504 2281 cf.
544 2246 593 2281 de
633 2246 717 2281 hac.
758 2255 798 2280 re
840 2245 955 2280 Hes.
995 2244 1099 2290 Opp.
1126 2247 1217 2290 285;
1258 2244 1463 2279 Platon.
1502 2243 1678 2289 Reipubl.
1706 2243 1748 2286 11,
1775 2245 1856 2287 366.
1881 2243 1925 2278 A.
1953 2243 2064 2278 Plura

346 2306 527 2352 exempla
553 2305 664 2341 affert
690 2305 928 2351 Nagelsb
966 2304 1112 2339 Nachh.
1141 2303 1275 2339 Theol.
1303 2315 1337 2349 p.
1367 2314 1434 2348 345
1462 2303 1524 2345 (ef.
1551 2315 1587 2349 p.
1604 2304 1672 2346 30).
1699 2303 1826 2339 Unum
1840 2302 2062 2348 exemplum

347 2366 546 2402 laudamus
573 2365 726 2401 Solonis
752 2375 805 2400 sc.
834 2375 891 2399 vs.
923 2375 963 2399 12
979 2362 1030 2410 (4)
1045 2363 1104 2399 ed.
1121 2363 1420 2399 Hiller·Crusius
1446 2374 1480 2408 p>
1500 2363 1583 2406 38);
1607 2361 1791 2403 ἀλλ’ὁμὲν
1804 2360 2064 2402 αὐτίκ’ἕτεισεν,

346 2427 363 2459 δ
400 2425 427 2458 δ’
442 2426 571 2467 ὕστερον
599 2454 605 2461 ,
631 2425 658 2456 εἰ
697 2423 731 2456 δὲ
767 2422 917 2466 wycam
950 2422 1048 2456 αὐτοὶ
1084 2422 1168 2464 μηδὲ
1194 2426 1274 2455 θεῶν
1302 2423 1386 2464 μοῖρ’
1413 2422 1552 2454 ἐπιοῦσα
1577 2423 1660 2464 κίχῃ
1688 2420 1791 2459 ’ἤλυθε
1816 2421 1948 2460 πάντως
1972 2418 2064 2459 αὖτις

346 2485 492 2518 ἀναίτιον
515 2483 607 2527 ’ἔργον
631 2484 770 2517 τίνουσιν
794 2482 814 2522 ἤ
839 2481 952 2520 παῖδες
979 2481 1106 2516 τούτων
1133 2482 1151 2521 ἥ
1182 2481 1288 2524 (γένος
1318 2480 1364 2526 ἐξ)
1391 2482 1505 2515 borlo-af
1521 2481 1584 2522 (cf.
1613 2481 1788 2527 Theogn.
1815 2481 1908 2526 205).

396 2555 432 2591 5)
458 2545 506 2580 cf.
535 2545 568 2580 A
586 2545 728 2586 esch,
755 2544 825 2590 Ag.
857 2545 962 2579 1600.

396 2607 433 2648 6)
459 2604 508 2640 cf.
547 2605 684 2640 Aesc
701 2604 736 2639 h.
776 2603 908 2649 Suppl.
948 2614 1159 2646 441—4443
1187 2602 1298 2639 Eum.
1324 2612 1392 2645 933
1420 2601 1524 2636 idem
1551 2601 1637 2646 ipsa
1662 2600 1836 2636 Minerva
1862 2601 1992 2636 docet.
2019 2600 2063 2636 fr.

349 2665 438 2700 Eur.
466 2668 558 2707 980:
583 2665 629 2696 τὰ
653 2667 716 2696 τῶν
741 2664 898 2696 τεκόντων
922 2662 1101 2704 σφάλματ’
1127 2661 1169 2698 εἷς
1195 2662 1269 2698 τοὺς
1295 2661 1441 2703 ἐκγόνους
1467 2662 1501 2693 01‘
1523 2659 1595 2694 5εοῖ
1619 2658 1800 2702 τρέπουσιν.

397 2725 432 2768 7)
459 2724 506 2759 cs.
536 2724 580 2760 fr.
607 2723 750 2758 Aesch.
778 2734 833 2758 22.

398 2783 433 2828 8)
459 2783 507 2819 cf.
546 2783 701 2829 Soph.
740 2783 829 2818 Ant.
871 2793 983 2825 1103;
1021 2781 1304 2827 Aristoph.
1342 2780 1630 2826 Thesmophor.
1669 2781 1761 2815 686:
1802 2780 1913 2826 Lys.
1948 2779 1993 2815 fr.
2020 2789 2064 2825 35

350 2854 421 2887 m„
449 2853 494 2887 74
521 2843 709 2889 Sauppe)-

399 2905 436 2947 9)
462 2903 509 2938 cf.
535 2902 648 2945 11.111,
664 2905 754 2946 278;
781 2904 814 2937 A
829 2912 850 2937 e
864 2913 882 2937 s
897 2911 918 2936 c
933 2901 969 2936 h.
996 2901 1096 2936 Eum
1124 2909 1202 2945 273,
1219 2908 1285 2944 335
1301 2911 1387 2946 sqq.
1403 2898 1489 2944 (350
1504 2908 1511 2932 :
1529 2900 1633 2933 θανὼν
1648 2897 1675 2931 δ’
1688 2897 1745 2931 οὐκ
1759 2896 1849 2940 ἄγαν
1863 2896 2064 2942 ἐλεόθερος);

352 2962 493 2997 Pind.
521 2961 578 2998 Ol.
605 2961 648 3007 11,
676 2964 742 3006 565
770 2961 817 2996 cs.
843 2960 1092 3007 Nagelsb.
1121 2959 1266 2995 Nachh.
1294 2958 1429 2994 Theol.
1457 2970 1493 3004 p.
1522 2960 1577 3002 36.

381 3025 438 3064 10)
463 3021 704 3056 Lasaulx
743 3032 778 3056 o.
805 3021 825 3056 l.
866 3032 902 3067 p.
930 3029 995 3065 25:
1036 3020 1114 3064 „Im
1140 3018 1414 3065 burgerlichen
1440 3018 1582 3060 Leben,
1611 3018 1746 3064 inquit,
1773 3017 1855 3052 tras
1876 3017 1932 3052 sie
1946 3017 2067 3061 (viros

354 3091 409 3116 sc.
446 3080 638 3126 periuros)
678 3080 857 3123 Atimie''‚
895 3079 1003 3125 quod
1029 3080 1110 3114 iure
1137 3083 1254 3125 negat
1281 3077 1421 3113 Scho
1437 3077 1670 3123 m-Lips.
1698 3088 1732 3112 o.
1759 3077 1781 3111 1.
1807 3076 1840 3111 11
1864 3087 1900 3122 p.
1928 3079 2008 3119 283,
2033 3078 2065 3111 8.

354 3140 390 3175 Is
428 3144 588 3182 tanturn,
627 3140 694 3186 qui
731 3145 791 3175 ter
829 3139 965 3174 falsum
997 3138 1262 3174 testimonium
1301 3137 1340 3172 in
1377 3137 1523 3172 iudicio
1562 3136 1737 3178 dederat,
1764 3134 1882 3176 ἄτιμος
1907 3140 1992 3171 erat
2017 3134 2065 3171 cf.

357 3199 871 3235 Hermann—Thums
887 3209 908 3234 e
924 3210 953 3242 r,
980 3198 1266 3234 Staatsalterth.
1292 3197 1308 3232 I
1334 3208 1371 3243 p.
1398 3206 1477 3241 475.
1506 3196 1670 3242 (Andoc.
1697 3195 1724 3231 1.
1750 3197 1822 3240 74).
