2392 3750
1214 308 1270 359 36

378 451 486 489 rum,
535 438 608 491 qui
657 438 712 479 ad
766 438 832 479 ius
882 437 1113 479 iurandum
1162 444 1206 479 et
1253 438 1491 491 periurium
1524 440 1758 492 pertinent.
1793 440 2093 482 Inscribuntur

379 509 486 551 haec
519 510 685 562 capita:
721 506 813 558 Περὶ
848 504 960 558 ὅρκου
992 515 1035 549 et
1070 506 1161 559 Περὶ
1195 507 1408 559 ἐπιορκίας.

439 580 485 622 In
517 580 781 621 carminibus
829 579 1199 621 Homericis
1247 582 1422 634 saepius
1470 582 1647 635 quidem
1699 583 1876 632 iuratur,
1920 582 2095 635 saepius

379 653 557 706 quidem
586 652 641 693 de
674 652 764 693 iure
797 652 980 692 iurando
1013 658 1081 692 est
1117 665 1275 702 sermo,
1310 653 1415 706 quid
1448 660 1596 694 tamen
1635 654 1704 704 sit,
1739 654 1945 695 distincte
1978 652 2096 695 nulio

379 724 476 764 loco
509 723 724 764 indicatur
757 724 811 763 ab
846 724 943 775 ipso
975 729 1123 775 poeta.
1165 722 1287 764 Luce
1320 724 1477 765 clarius
1511 737 1616 765 vero
1649 739 1706 765 ex
1739 726 1844 777 ipsis
1878 727 2095 766 iuramen-

379 801 525 836 torum
558 796 702 835 verbis
735 800 931 847 apparet,
979 793 1109 834 deum
1142 794 1190 835 in
1221 793 1280 835 iis
1315 795 1518 836 invocari
1549 801 1711 846 testem,
1760 797 1835 850 qui
1868 797 2097 838 veritatem

380 866 610 909 confirmet
659 868 749 907 sive
791 866 835 907 in
868 866 1088 919 promisso
1135 867 1352 918 faciendo,
1400 869 1492 908 sive
1537 868 1580 908 in
1622 881 1668 908 re
1701 868 1891 921 quadam
1923 880 2096 909 asseve-

381 939 529 991 randa,
563 945 607 979 et
639 936 858 979 vindicem
900 938 975 991 qui
1018 951 1044 979 a
1080 939 1173 979 viro
1205 939 1381 991 periuro
1414 952 1580 992 poenas
1629 947 1787 991 sumat,
1821 952 1964 993 neque
1997 952 2098 980 cum

380 1012 634 1052 iuramentis
677 1010 794 1063 apud
852 1009 1098 1051 Homerum
1130 1011 1350 1064 usurpatis
1377 1024 1466 1052 non
1499 1012 1704 1052 convenit
1739 1012 1776 1053 si
1808 1011 2100 1066 Nagelsbach‚

380 1082 547 1124 Nachh.
591 1082 747 1123 Theol.
771 1078 802 1135 ¹)
845 1094 887 1134 p.
925 1092 1007 1132 242
1041 1081 1126 1122 hoc
1159 1082 1294 1123 modo
1328 1084 1394 1123 ius
1427 1083 1657 1124 iurandum
1691 1083 1866 1124 definit:
1906 1083 2012 1135 „Est
2043 1083 2100 1124 ist

380 1155 486 1196 aber
542 1154 620 1195 der
685 1153 767 1194 Eid
815 1153 913 1194 eine
963 1153 1184 1194 feierliche
1234 1153 1467 1209 Anrufung
1513 1155 1723 1196 zunachst
1771 1156 1851 1196 der
1897 1154 2100 1196 Gottheit

381 1226 483 1267 dem
536 1225 599 1266 als
646 1224 878 1266 Wahrheit
925 1225 1345 1279 ausgesprochenen
1394 1225 1551 1268 Worte
1598 1226 1810 1282 Zeugniss
1858 1240 1910 1267 zu
1957 1227 2100 1282 geben

382 1296 519 1338 durch
550 1295 812 1351 Bestrafung
845 1296 924 1337 der
954 1295 1284 1338 Schworenden
1315 1296 1374 1337 im
1405 1296 1523 1338 Falle
1556 1298 1650 1339 sein
1678 1297 1808 1340 Wort
1825 1298 1927 1339 kein
1944 1297 2101 1339 Wahr-

382 1370 473 1410 heit
506 1367 613 1410 sei.'’

442 1440 566 1494 Quae
618 1440 816 1482 definitio
860 1441 897 1481 si
929 1453 1032 1481 vera
1065 1440 1120 1481 sit
1154 1441 1239 1481 iam
1272 1441 1422 1481 statim
1454 1441 1660 1492 ostendit,
1709 1443 1841 1483 etiam
1876 1447 1978 1494 post
2010 1440 2101 1482 Ho-

384 1525 551 1553 merum
585 1512 658 1565 (de
691 1511 811 1552 hisce
858 1512 1144 1564 scriptoribus
1190 1511 1307 1552 enim
1357 1512 1466 1552 libro
1510 1512 1686 1553 laudato
1718 1512 1880 1568 agitur)
1914 1512 2101 1554 eandem

382 1597 480 1625 esse
514 1585 617 1626 iuris
650 1583 819 1625 iurandi
850 1590 1067 1633 naturam,
1110 1583 1154 1624 id
1202 1584 1323 1638 quod
1363 1584 1621 1636 praesertim
1667 1584 1703 1625 si
1736 1585 1931 1637 ipsorum
1965 1584 2101 1637 scrip-

382 1662 529 1697 torum
563 1655 804 1697 sententias
837 1656 1176 1709 perpendamus,
1210 1661 1406 1708 apparet.

443 1727 730 1768 Hesiodo
762 1725 908 1777 “Opuoq
944 1726 1058 1768 filius
1092 1733 1160 1767 est
1191 1724 1365 1776 ’Έριδος,
1399 1740 1532 1780 quem
1565 1727 1737 1780 peperit
1770 1728 1879 1769 haec
1897 1728 1980 1768 dea
1995 1727 2102 1776 πῆμ’

385 1796 572 1850 ἐπιόρκοις
606 1798 656 1855 2).
706 1798 875 1841 Graves
922 1800 966 1841 hi
1013 1800 1157 1841 daturi
1216 1806 1317 1840 sunt
1350 1813 1516 1852 poenas
1548 1797 1688 1850 ἀνδρὸς
1721 1797 1929 1851 δἐὑόρκου,
1963 1800 2104 1854 inquit

386 1878 531 1924 poeta,
565 1869 683 1920 γενεὴ
712 1868 968 1920 μετόπισθεν
998 1868 1182 1920 ἀμείνων.
1203 1868 1218 1894 ³
1251 1870 1368 1912 Alibi
1386 1867 1418 1922 ¹¹)
1446 1878 1645 1912 narratur
1663 1872 1772 1912 deos
1790 1872 1855 1912 ius
1873 1871 2103 1912 iurandum

384 1943 595 1984 adhibere
644 1941 788 1983 ὁππότ’
838 1940 914 1993 ἔρις
963 1940 1034 1983 καὶ
1083 1944 1201 1988 νεῖκος
1248 1941 1286 1982 ἐν
1333 1938 1599 1983 ἀθανάτοιο-ιν
1645 1940 1782 1993 ὄρηται
1822 1941 1892 1983 καὶ
1926 1939 2013 1994 ρὅε
2045 1956 2106 1988 τις

389 2012 585 2065 ψεύδεται
622 2016 836 2064 Ὀλύμπιοι
869 2012 1029 2064 δώματ’
1064 2012 1252 2065 ἑχόντων.

444 2086 560 2128 Satis
593 2087 700 2127 haec
748 2087 804 2128 ad
850 2087 1260 2138 demonstrandum,
1309 2087 1374 2127 ius
1423 2087 1653 2128 iurandum
1699 2087 1782 2128 diis
1831 2100 1930 2128 esse
1960 2099 2104 2138 curae,

386 2158 591 2212 virosque
639 2158 838 2211 periuros
885 2158 936 2199 iis
982 2145 1150 2210 poenas
1197 2158 1392 2208 daturos,
1425 2159 1586 2200 deinde
1629 2159 1694 2199 ius
1726 2159 1956 2200 iurandum
1987 2157 2105 2199 adhi-

387 2231 481 2271 beri
513 2231 569 2271 ad
600 2230 699 2272 lites
732 2230 1000 2271 dirimendas
1033 2231 1357 2283 veritatemque
1389 2230 1695 2271 stabiliendam
1717 2227 1764 2286 ⁵).

446 2301 651 2356 Longum
686 2308 755 2343 est
787 2315 931 2355 neque
983 2301 1110 2342 huius
1159 2301 1306 2354 operis
1349 2301 1391 2341 in
1435 2314 1589 2342 omnes
1622 2301 1874 2353 scriptores,
1906 2301 1980 2354 qui
2013 2301 2106 2342 sive

388 2380 489 2414 ante
522 2375 613 2414 sive
646 2380 748 2426 post
780 2364 970 2428 tragicos
1004 2380 1159 2426 poetas
1193 2374 1412 2425 vixerunt,
1444 2373 1690 2414 accuratius
1718 2373 1948 2426 inquirere.
1997 2371 2106 2414 Pau-

442 2580 534 2623 1)cf.
561 2580 682 2625 locos,
709 2591 809 2626 quos
835 2579 1084 2626 Nagelsb.
1113 2580 1355 2615 Autenrieth.
1384 2579 1497 2614 Hom.
1525 2579 1658 2615 Theol.
1686 2590 1805 2625 p.215
1836 2579 1948 2614 affert
1974 2589 2107 2614 exem-

390 2641 476 2687 pla:
515 2640 564 2675 ad
602 2651 684 2675 rem
723 2639 1014 2674 affirmandam:
1042 2640 1080 2674 Il.
1107 2640 1132 2684 I,
1161 2650 1253 2684 ²403
1291 2640 1376 2682 XV,
1404 2649 1471 2682 415
1507 2639 1613 2679 XIX,
1641 2641 1731 2683 2583
1771 2639 1909 2680 XXIII,
1938 2648 2006 2682 423
2032 2638 2107 2675 od.

390 2700 507 2737 XVII,
552 2709 639 2744 155;
673 2700 723 2734 ad
749 2700 985 2745 promissum
1012 2700 1335 2734 asseverandum:
1375 2699 1413 2733 Il.
1441 2699 1489 2741 X,
1517 2709 1608 2744 3323
1637 2699 1737 2743 XVI,
1765 2701 1856 2741 280;
1883 2699 1989 2743 XIX,
2019 2708 2106 2742 1273

391 2760 479 2801 XX,
521 2771 609 2802 313;
648 2759 754 2802 XXI,
787 2769 879 2805 3733
919 2759 1041 2802 XXII,
1075 2771 1163 2803 1¹95
1202 2759 1275 2795 Od·
1315 2759 1356 2801 11,
1384 2770 1476 2803 373¹,
1514 2759 1693 2804 1V,253;
1735 2759 1780 2803 v,
1812 2762 1899 2804 1843
1938 2758 1987 2801 X,
2014 2769 2106 2804 3⁴53

392 2820 474 2864 XII,
503 2830 593 2863 304;
620 2820 704 2859 XV,
732 2829 823 2863 437;
853 2820 987 2862 XVIII,
1015 2822 1082 2864 58;
1111 2819 1199 2863 XX,
1226 2830 1305 2861 229.

441 2880 476 2923 2)
503 2880 548 2914 cf.
576 2879 678 2924 Opp.
706 2882 801 2923 804;
828 2879 973 2925 Theog.
1002 2883 1080 2923 226,
1108 2889 1187 2922 231.
1304 2918 1306 2923 ¹

441 2939 476 2982 3)
503 2938 551 2974 cf.
578 2939 679 2984 Opp.
707 2949 787 2982 290,
815 2949 894 2982 219,
923 2940 1013 2982 2823
1041 2938 1190 2985 Theog.
1216 2948 1284 2982 793
1311 2938 1360 2972 de
1387 2948 1514 2983 poena
1541 2938 1603 2972 dei
1630 2939 1786 2983 periuri.

442 3001 478 3041 4)
505 2998 552 3033 cf.
580 2997 727 3044 Theog.
758 3000 837 3042 708.

442 3060 478 3101 5)
505 3057 552 3092 cf.
590 3058 839 3104 Nagelsb.
866 3059 915 3094 N.
949 3058 1011 3093 Th.
1039 3069 1076 3103 p.
1104 3068 1196 3100 2432
1223 3057 1328 3092 Aber
1354 3057 1566 3103 dasjenige,
1594 3068 1674 3092 was
1700 3057 1789 3092 dem
1816 3057 1979 3092 Schwur
2000 3057 2108 3092 seine

394 3118 589 3152 bindende
616 3118 727 3153 Kraft
754 3119 871 3164 giebt,
898 3119 948 3153 ist
975 3119 1111 3153 immer
1137 3118 1200 3152 dic
1227 3117 1373 3152 Furcht
1398 3127 1469 3152 vor
1495 3117 1564 3152 der
1591 3117 1804 3163 gottlichen
1822 3116 1960 3152 Strase.
1986 3115 2109 3152 Affert

394 3177 519 3212 Liban
555 3177 617 3219 IV,
657 3189 693 3222 p.
732 3187 786 3221 73,
828 3188 871 3212 22
910 3176 1061 3222 (Reisk)
1099 3179 1166 3214 πᾶς
1203 3175 1291 3218 ὅρκος
1328 3177 1362 3208 ἐκ
1395 3178 1455 3208 τοῦ
1479 3177 1552 3218 πρὸς
1578 3177 1648 3212 τοὺς
1673 3177 1767 3213 ἓεοῦς
1794 3178 1898 3218 φόβου
1922 3176 1982 3214 τὴν
2007 3175 2110 3218 ἰσχὺν

397 3235 569 3278 λαμβάνει.
