2392 3750
450 697 507 747 ΙΙ.
556 697 668 759 Qui
706 697 767 746 in
808 697 934 746 iure
975 696 1231 745 iurando
1270 696 1647 752 invocentur,
1683 696 2015 757 quaeritur.

435 939 579 980 Primo
626 939 806 981 huiusce
841 939 1225 980 commentationis
1259 939 1402 992 capite
1435 945 1671 993 postquam
1699 940 1900 993 exposui,
1931 940 2089 994 quibus

373 1012 492 1064 apud
538 1013 727 1067 tragicos
771 1010 1039 1053 Graecorum
1073 1017 1230 1064 poetas
1262 1012 1327 1053 ius
1359 1012 1588 1052 iurandum
1621 1012 1896 1053 contineatur
1928 1013 2091 1053 formu-

375 1083 438 1135 lis,
474 1084 670 1125 secundo
702 1083 788 1123 iam
821 1083 1044 1136 quaeritur
1076 1083 1266 1136 quina
1284 1095 1325 1123 m
1359 1089 1377 1123 t
1395 1097 1419 1124 e
1437 1095 1457 1123 s
1475 1089 1492 1123 t
1510 1096 1534 1123 e
1553 1096 1573 1123 s
1605 1083 1875 1124 invocentur.
1904 1083 1933 1136 ¹)
1966 1081 2091 1135 Quos

376 1169 476 1196 cum
536 1155 603 1196 vel
652 1155 806 1195 deos
855 1154 923 1196 vel
971 1154 1178 1195 heroes
1226 1153 1294 1195 vel
1340 1154 1628 1195 homines
1674 1154 1741 1195 vel
1789 1154 2092 1196 animalia

374 1227 442 1268 vel
475 1240 574 1268 res
608 1240 704 1268 esse
738 1227 1018 1267 manifestum
1061 1227 1130 1277 sit,
1180 1225 1429 1281 singillatim
1477 1226 1533 1267 de
1561 1226 1680 1268 hisee
1713 1226 1892 1282 singulis
1919 1227 2092 1269 videtur

374 1299 607 1354 agendum.
658 1297 768 1340 Cum
802 1311 907 1339 vero
940 1298 996 1339 de
1029 1298 1120 1339 sola
1151 1298 1220 1339 hic
1254 1298 1356 1339 iuris
1385 1298 1551 1339 iurandi
1597 1300 1738 1340 forma
1768 1313 1909 1354 agam,
1948 1300 2092 1340 brevis

374 1370 562 1411 sufficiat
596 1370 881 1412 enumeratio.

1046 1526 1095 1564 Α.
1141 1526 1222 1565 De
1265 1525 1406 1565 diis.

434 1694 578 1735 Primo
610 1694 789 1748 quidem
822 1693 920 1735 loco
953 1694 1260 1748 inquirendum
1294 1701 1360 1735 est
1394 1695 1437 1735 in
1469 1695 1650 1745 deos,
1681 1695 1858 1748 quinam
1887 1696 2092 1737 invocen-

376 1772 458 1807 tur.
502 1766 572 1807 Dii
616 1767 746 1817 enim,
797 1766 960 1820 quippe
1009 1779 1197 1820 quorum
1245 1773 1445 1819 potestas
1489 1767 1531 1807 in
1563 1767 1766 1808 hominus
1799 1768 1855 1808 sit
1887 1768 2091 1818 maxima,

376 1838 572 1891 inprimis
606 1844 722 1888 sunt,
743 1846 834 1891 'per
866 1851 978 1891 quos
1006 1838 1183 1888 iuretur,
1202 1838 1323 1891 quod
1341 1838 1435 1891 ipse
1453 1838 1683 1879 confirmat
1700 1838 1936 1890 Homerus,
1970 1839 2094 1880 cuius

374 1909 417 1950 in
445 1910 710 1951 carminibus
747 1910 983 1962 praecipue
1021 1909 1081 1950 dii
1115 1915 1217 1950 sunt
1255 1911 1436 1960 aeterni,
1473 1910 1547 1963 qui
1582 1916 1721 1951 testes
1748 1911 2020 1952 advocantur
2044 1907 2092 1963 ²).

374 1980 467 2021 Nec
509 1980 633 2021 aliter
678 1981 845 2036 tragici,
880 1981 1081 2021 conferas
1114 1981 1302 2023 indicem
1335 1995 1466 2035 quam
1499 1982 1668 2032 addidi;
1703 1981 1828 2023 facile
1861 1983 2093 2024 concedes.

374 2052 529 2106 Neque
554 2053 638 2093 hoc
671 2053 842 2103 mirum,
876 2066 976 2094 cum
1009 2054 1144 2106 ipsius
1177 2054 1280 2094 iuris
1313 2053 1481 2094 iurandi
1513 2054 1680 2095 ratione
1710 2054 1956 2106 postuletur
1972 2051 2019 2106 3).

433 2123 510 2166 Sin
557 2125 821 2178 quaerimus,
870 2138 960 2179 quo
1009 2125 1144 2166 modo
1194 2126 1237 2166 in
1269 2126 1361 2166 iure
1394 2125 1577 2166 iurando
1606 2126 1666 2166 dii
1698 2126 1970 2177 invocentur,
2003 2125 2093 2179 ple-

374 2209 559 2250 rumque
591 2210 668 2237 eos
701 2197 792 2238 sive
825 2198 1189 2251 generatim
1221 2197 1368 2238 afferri
1400 2211 1554 2238 omnes
1596 2198 1687 2238 sive
1716 2197 2093 2238 nominatim

374 2268 568 2309 invocari
600 2275 795 2322 apparet.

435 2339 561 2381 Gen
580 2354 640 2381 er
661 2341 810 2381 atim
840 2341 876 2381 si
908 2342 1167 2382 invocantur
1200 2340 1387 2382 formula
1419 2341 1549 2394 vulgo
1581 2340 1813 2382 adhibetur
1845 2335 1872 2380 ὦ
1905 2337 1996 2380 θεοί
2025 2339 2092 2380 vel

376 2409 475 2461 πρὸς
507 2409 626 2463 θεῶν,
661 2413 782 2466 quod
814 2412 849 2452 si
881 2413 979 2466 quis
1012 2413 1201 2454 indicem
1234 2413 1490 2466 inspexerit,
1523 2412 1650 2453 facile
1681 2418 1876 2466 apparet.

435 2483 697 2524 Nomine
745 2484 780 2524 si
833 2483 1076 2525 afferuntur
1123 2485 1266 2525 variae
1315 2483 1528 2526 formulae
1575 2491 1852 2537 usurpantur,
1886 2484 2094 2537 varioque

376 2555 510 2595 modo
545 2555 724 2596 nomina
756 2557 1094 2611 coniunguntur.
1130 2556 1274 2597 Primo
1307 2556 1406 2597 loco
1440 2557 1626 2598 iuratur:
1646 2554 1681 2605 4)

427 2688 831 2734 1)cf.Ziebarth
859 2691 930 2727 o.l.
959 2702 1022 2736 pp.
1051 2701 1071 2735 7
1103 2702 1201 2737 sqq.,
1241 2691 1357 2735 Ott,
1384 2692 1455 2728 o.l.
1483 2703 1547 2737 pp.
1580 2704 1620 2727 10
1646 2703 1743 2738 sqq,
1782 2691 2095 2727 Meinhardt

377 2761 441 2795 pp.
473 2760 513 2792 14
543 2761 640 2796 sqq.‚
669 2749 933 2785 Ziebarth
959 2751 1065 2796 apud
1091 2751 1536 2798 Pauly-Wissowa
1561 2753 1633 2788 i.v.
1661 2752 1746 2787 Eid.

425 2807 460 2854 2)
491 2809 541 2844 cf.
569 2809 832 2844 Ziebarth
861 2810 934 2845 ο.1.
961 2821 998 2855 p.
1026 2820 1057 2853 7.

425 2867 460 2914 3)
488 2869 534 2903 cf.
569 2869 933 2914 Nagelsbach.
959 2870 1179 2906 Autenr.
1207 2872 1320 2908 Hom.
1346 2871 1615 2910 Theol.²³1884
1642 2882 1780 2916 p.215:
1808 2871 2095 2907 Wasnunwei-

377 2933 436 2963 ter
478 2929 541 2963 die
587 2930 850 2975 angerufenen
889 2930 1100 2976 Zeugen
1139 2931 1296 2973 betrifft,
1336 2942 1380 2966 so
1418 2931 1594 2966 versteht
1632 2931 1716 2966 sich
1742 2943 1819 2967 von
1844 2931 1976 2971 selbst,
2002 2930 2096 2965 dasz

377 2988 579 3023 dieselben
611 2990 680 3024 mit
704 2989 951 3036 Strafgewalt
977 2993 1224 3035 ausgerustet
1248 2991 1418 3037 gedacht
1444 2991 1523 3025 und
1549 2991 1638 3026 dem
1665 2990 1952 3026 Schworenden
1980 2990 2096 3036 heilig

377 3058 460 3082 sein
490 3058 657 3083 mussen.

425 3107 471 3143 cl.
498 3114 703 3153 praeterea
730 3110 852 3154 partis
879 3110 910 3144 II
935 3110 1048 3145 huius
1075 3110 1328 3156 diputationis
1358 3121 1390 3146 c.
1421 3111 1446 3146 Ι.

425 3168 460 3209 4)
487 3177 520 3202 e.
548 3178 571 3213 g
624 3168 694 3203 Eu
711 3180 740 3206 r.
780 3169 899 3215 Hipp.
932 3173 1032 3214 1169,
1059 3171 1123 3205 ubi
1150 3170 1327 3205 Theseus
1354 3170 1568 3206 exclamat:
1595 3168 1618 3203 ὦ
1642 3174 1712 3204 θεοὶ
1737 3171 1893 3205 Ποσειδόν
1916 3175 1951 3204 θ’
1977 3177 2095 3217 atque

378 3227 415 3261 in
444 3227 529 3272 ipso
561 3229 778 3264 iuramento
805 3229 935 3275 Suppl.
972 3240 1076 3274 1174:
1108 3231 1185 3267 Ζεὺς
1213 3229 1248 3262 δὲ
1275 3229 1424 3272 ξυνίστωρ
1450 3231 1484 3263 ὁί
1506 3231 1571 3263 τ’ἑν
1599 3230 1715 3275 οὐρανῷ
1739 3233 1820 3269 Stena<
