2392 3750
1201 351 1222 391 3

353 473 487 515 miror
531 473 617 515 huc
662 486 803 527 usque
849 473 892 517 id
939 485 1039 514 esse
1086 473 1313 514 omissum.
1358 471 1719 515 Consentaneum
1766 479 1847 523 est,
1881 471 2070 525 permul-

353 551 437 595 t05‚
482 545 555 599 qui
597 546 688 586 sive
719 545 776 586 de
809 544 1017 600 religione
1050 544 1318 597 scripserint,
1369 545 1461 585 sive
1507 544 1563 585 de
1611 545 1716 596 iure,
1767 543 1859 584 sive
1906 543 1962 585 de
2009 543 2071 584 rei

354 616 554 668 publicae
598 616 809 656 institutis
859 613 925 656 ius
971 615 1202 656 iurandum
1251 628 1341 656 non
1387 615 1651 671 neglexisse.
1700 614 1935 656 Poetarum
1983 621 2070 655 tra-

351 687 550 742 gicorum
597 700 733 740 opera
772 700 951 740 quoque
993 685 1050 727 illi
1082 686 1294 741 legerunt,
1326 700 1408 728 nec
1442 699 1607 739 paucos
1639 699 1792 728 eorum
1826 699 1979 727 versus
2012 687 2073 727 in·

353 759 526 799 terdum
576 757 863 799 laudaverunt
904 758 959 799 ad
1002 758 1187 810 opiones
1231 771 1331 799 suas
1363 758 1680 811 defendendas,
1714 757 1782 799 vel
1813 765 2073 813 argumenta

351 830 702 871 adversariorum
735 829 986 882 refellenda,
1019 830 1087 870 via
1119 835 1163 870 et
1197 830 1365 871 ratione
1397 837 1547 872 autem
1578 830 1621 871 in
1653 829 1902 885 tragoedias
1935 829 2071 870 Grae-

352 914 426 942 cas
458 902 514 942 de
547 902 639 942 iure
672 901 869 952 iurando,
903 901 1024 955 quod
1055 902 1206 952 sciam,
1239 902 1437 943 nondum
1471 908 1539 943 est
1571 901 1839 956 inquisitum.

411 971 544 1025 Quod
573 973 718 1014 mirari
746 986 818 1014 me
846 974 1136 1024 contendens,
1168 986 1256 1014 non
1286 974 1440 1015 iniuria
1467 973 1572 1014 mihi
1604 974 1886 1015 contendisse
1904 973 2070 1014 videor.

350 1044 541 1086 Primum
574 1046 692 1086 enim
724 1044 869 1086 locum
902 1046 1015 1086 inter
1045 1051 1249 1086 auctores
1267 1045 1473 1099 antiquos
1491 1051 1651 1098 poetae
1674 1045 1827 1100 tragici
1852 1045 2070 1096 obtinent,

351 1117 490 1158 multo
537 1118 712 1158 maioris
759 1117 950 1158 habendi
999 1123 1100 1158 sunt
1148 1116 1376 1170 multoque
1425 1117 1564 1172 magis
1610 1118 1780 1158 animos
1823 1124 2070 1168 moverunt,

350 1201 483 1242 quam
515 1188 590 1242 qui
622 1188 790 1229 fabulas
821 1194 972 1229 nostra
1004 1194 1150 1229 aetate
1181 1189 1302 1229 dent.

409 1259 519 1301 Mihi
563 1260 676 1301 hanc
708 1261 767 1300 ob
801 1273 977 1302 causam
1010 1261 1235 1313 proposui,
1269 1261 1389 1314 quod
1421 1259 1491 1301 alii
1522 1260 1609 1302 huc
1640 1273 1782 1314 usque
1813 1262 2069 1315 omiserunt,

350 1338 397 1372 ut
442 1332 722 1385 inquisitione
765 1337 959 1373 statuere
1001 1345 1185 1373 conarer
1227 1345 1315 1372 non
1359 1331 1514 1382 solum,
1558 1345 1672 1386 quae
1714 1332 1771 1373 sit
1813 1333 1855 1373 in
1893 1333 2071 1387 tragicis

349 1402 620 1445 Graecorum
654 1404 873 1457 poematis
905 1404 1047 1445 forma
1075 1404 1178 1445 iuris
1206 1404 1389 1457 iurandi,
1423 1405 1501 1445 sed
1533 1404 1783 1458 praecipue,
1817 1418 1931 1459 quae
1951 1411 2071 1446 esset

350 1475 443 1516 eius
476 1476 541 1516 vis
573 1482 618 1517 et
649 1489 738 1530 quo
770 1476 905 1517 modo
939 1475 1235 1518 adhiberetur.

409 1546 572 1588 Poetae
614 1547 779 1602 tragici,
824 1560 923 1588 curn
957 1561 982 1588 a
1012 1547 1179 1600 populo
1226 1546 1399 1589 Graeco
1446 1553 1571 1588 tanto
1603 1547 1771 1588 honore
1804 1548 1891 1589 sint
1922 1547 2071 1589 affecti

349 1625 392 1659 et
440 1632 486 1659 re
518 1619 693 1671 publica
723 1618 1061 1660 Atheniensium
1094 1618 1280 1660 florente
1312 1632 1466 1660 eorum
1498 1619 1737 1660 auctoritas
1771 1619 1901 1660 fuerit
1933 1626 2069 1670 tanta,

349 1691 495 1745 magni
535 1691 663 1744 pretii
695 1698 763 1731 est
795 1691 1040 1732 accuratius
1073 1703 1356 1746 cognoscere,
1390 1691 1497 1744 quid
1528 1691 1584 1732 de
1617 1692 1708 1732 iure
1742 1691 1925 1732 iurando
1958 1692 2065 1733 iudi·

348 1762 555 1814 caverint,
590 1763 664 1816 qui
697 1763 927 1804 iuramenti
959 1763 1078 1816 apud
1109 1775 1187 1804 eos
1219 1763 1274 1803 sit
1306 1776 1424 1804 usus.
1458 1761 1671 1804 Attamen
1704 1762 1785 1803 hac
1814 1764 1856 1804 in
1885 1776 1930 1804 re
1959 1777 2068 1804 nun·

347 1847 480 1888 quam
537 1835 618 1876 erit
675 1835 1023 1877 obliviscendum
1071 1847 1224 1875 eorum
1272 1847 1408 1887 opera
1454 1847 1552 1875 esse
1599 1841 1817 1887 poemata.
1881 1834 2069 1888 Saepius

347 1913 507 1959 poetae
553 1920 641 1948 non
689 1907 855 1958 dicunt,
902 1907 1023 1961 quod
1054 1907 1136 1960 ipsi
1168 1906 1375 1957 sentiunt,
1409 1919 1562 1948 eorum
1595 1906 1769 1948 fabulae
1803 1906 2067 1960 „brauchen‚

347 1977 489 2032 inquit
535 1980 627 2021 iure
675 1978 733 2020 Iv
752 1992 779 2019 0
812 1978 845 2019 B
864 1992 1034 2029 runs,
1059 1976 1094 2035 ¹)
1142 1977 1206 2019 als
1239 1979 1330 2019 rein
1363 1978 1684 2020 kiinstlerische
1717 1977 2067 2032 Consequenzen

346 2050 619 2106 keineswegs
651 2051 737 2092 den
769 2050 1016 2092 Gedanken
1048 2050 1162 2092 ihrer
1195 2050 1289 2091 Zeit
1321 2064 1374 2092 zu
1407 2050 1744 2103 entsprechen‘'.

405 2121 616 2164 Attamen
645 2122 736 2163 fieri
770 2129 932 2175 potest,
965 2129 1012 2164 ut
1045 2123 1180 2175 ipsius
1212 2128 1372 2175 poetae
1403 2122 1553 2175 opinio
1586 2135 1643 2163 ex
1675 2123 1726 2163 iis
1758 2129 1906 2164 tamen
1935 2136 2067 2176 appa-

346 2201 452 2235 reat.
486 2193 617 2235 Actio
650 2195 764 2236 enirn
794 2208 881 2236 non
910 2207 1086 2247 semper
1110 2194 1402 2249 progreditur.
1431 2193 1618 2247 Saepius
1643 2194 1804 2236 chorus
1832 2194 2067 2246 inducitur,

346 2267 419 2319 qui
467 2266 720 2319 opinionem
768 2280 891 2308 suam
942 2266 998 2308 de
1041 2267 1171 2307 rebus
1204 2266 1340 2321 gestis
1373 2272 1447 2307 aut
1480 2267 1536 2308 de
1569 2279 1713 2307 rerum
1746 2272 1862 2307 statu
1893 2265 2066 2320 afferat,

344 2351 431 2392 qua
477 2338 711 2379 occasione
757 2345 916 2392 poetae
968 2344 1163 2393 utuntur,
1213 2344 1273 2387 ut,
1335 2338 1441 2392 quid
1490 2338 1574 2391 ipsi
1620 2339 1825 2388 sentiant,
1875 2339 2063 2379 edicant.

346 2409 481 2460 „Hier
542 2409 686 2451 haben
733 2410 826 2451 sich
874 2410 945 2451 die
992 2410 1189 2460 Dichter,
1231 2411 1371 2464 inquit
1415 2409 1640 2460 Bruns,
1685 2411 1755 2451 ein
1793 2408 1944 2465 Organ
1992 2424 2065 2466 ge-

344 2481 556 2532 schaffen,
590 2482 729 2524 durch
762 2483 840 2524 das
873 2482 950 2533 sie,
986 2495 1111 2523 wenn
1145 2495 1192 2523 es
1226 2482 1357 2523 ihnen
1374 2481 1552 2532 beliebt,
1586 2481 1698 2523 auch
1715 2488 1845 2523 unter
1862 2481 2066 2537 volligem

344 2551 579 2609 Aufgeben
612 2554 690 2595 der
723 2552 1104 2608 mythologischen
1137 2553 1555 2609 Voraussetzungen
1588 2553 1653 2594 ihr
1681 2554 1901 2608 eigenstes
1933 2553 2064 2595 nach-

345 2623 520 2666 denken
552 2625 852 2667 unvermittelt
887 2629 1067 2666 aussern
1100 2625 1320 2667 konnen'’.

404 2695 678 2752 Tragoediae
726 2698 874 2751 itaque
922 2697 1100 2738 minime
1144 2703 1245 2738 sunt
1289 2696 1599 2752 neglegendae,
1638 2696 1727 2747 „Es
1759 2696 1916 2738 stande
1949 2696 2064 2747 iibel,

343 2768 434 2810 iure
496 2769 613 2810 idern
675 2769 871 2820 Bruns,
922 2783 962 2810 o.
997 2768 1022 2810 l.
1055 2782 1097 2822 p.
1133 2780 1174 2820 4,
1223 2769 1443 2821 observat,
1491 2781 1564 2810 um
1614 2781 1773 2810 unsere
1822 2768 2065 2810 Kenntniss

343 2840 423 2881 des
471 2839 802 2882 Geisteslebens
849 2841 927 2882 der
970 2840 1116 2886 Alten.
1154 2853 1279 2882 wenn
1311 2841 1386 2881 wir
1419 2841 1461 2881 in
1494 2841 1580 2882 den
1612 2839 1865 2881 erhaltenen
1898 2839 1937 2881 T
1940 2844 2066 2896 rago-

345 2911 445 2953 dien
477 2912 598 2953 nicht
630 2912 871 2954 zahlreiche
904 2912 1271 2968 psychologische
1305 2911 1518 2954 Gemalde
1550 2913 1775 2962 besassen,
1805 2912 1872 2953 fiir
1900 2912 2064 2953 welche

344 2983 415 3024 die
461 2982 643 3025 Dichter
690 2984 760 3026 die
808 2984 1223 3026 lebensfrischesten
1272 2983 1444 3025 Farben
1492 2996 1570 3025 aus
1603 2983 1718 3025 ihrer
1752 2984 1937 3037 eigenen
1970 2983 2064 3025 Zeit

342 3055 432 3095 und
479 3054 778 3111 Anschauung
826 3069 1092 3111 genommen
1127 3056 1283 3097 haben.
1317 3054 1444 3096 Auch
1478 3068 1564 3096 von
1599 3055 1700 3096 dem
1733 3054 1937 3096 Verkehr
1968 3055 2064 3096 zwi-

395 3222 426 3264 ι)
464 3221 554 3257 lvo
595 3221 774 3258 Bruns.
822 3222 893 3258 Die
933 3222 1205 3269 griechischen
1244 3220 1464 3267 Tragodien
1503 3220 1559 3256 als
1597 3220 2063 3268 religiosgeschichtliche

344 3279 492 3328 Quelle‚
522 3284 611 3325 ¹89⁴
638 3292 673 3328 p.
705 3292 756 3326 ¹9·
