2392 3750
1175 310 1232 341 20

343 445 438 475 rare
470 433 652 483 soleant,
686 432 960 487 intellegitur.
982 431 1014 484 1)
1047 430 1247 482 Accedit,
1282 431 1401 485 quod
1435 431 1750 484 antiquissimis
1784 430 2058 484 temporibus

343 518 513 547 summa
546 505 752 559 religione
785 503 1023 553 colebatur,
1057 503 1180 543 cuius
1210 502 1352 544 cultus
1380 502 1564 557 vestigia
1592 502 1724 543 etiam
1751 502 2058 542 historicorum

343 576 429 618 fide
462 579 709 617 contestata
740 575 950 615 memoria
983 580 1300 615 remanserunt.
1341 573 1472 626 Apud
1504 574 1694 627 tragicos
1725 579 1880 625 poetas
1911 579 2058 613 autem

345 649 471 689 huius
498 647 762 701 precationis
790 647 991 695 usitatae,
1019 646 1074 686 de
1104 659 1190 698 qua
1217 645 1408 698 loquitur
1437 646 1498 685 vir
1515 644 1795 686 doctissimus
1813 643 1851 685 R
1868 658 1892 684 a
1909 657 1938 696 p
1955 657 2006 696 p,
2025 641 2059 695 ²)

344 720 464 773 quod
496 720 644 769 sciam,
679 717 883 770 exempla
915 729 1003 757 non
1036 717 1327 758 inveniuntur.

404 790 548 832 Etiam
597 790 667 831 alii
714 789 771 830 dii
814 788 960 841 superi
992 801 1080 828 non
1112 788 1389 829 omittuntur.
1425 787 1580 841 Neque
1613 786 1773 840 Apollo
1805 800 1948 840 neque
1980 786 2059 827 Mi-

344 875 476 903 nerva
516 875 660 915 neque
702 861 912 901 Demeter
959 873 1103 913 neque
1146 859 1279 900 ceteri
1330 860 1387 900 dii
1435 858 1502 900 vel
1536 860 1645 900 deae
1690 871 1868 911 prorsus
1901 858 1943 898 in
1975 864 2060 898 tra-

343 934 598 988 goediarum
630 931 883 973 iuramentis
927 931 1100 981 desunt,
1134 930 1273 972 multo
1306 932 1449 972 minus
1482 937 1628 972 autem
1662 943 1739 982 per
1772 943 1849 970 eos
1882 930 2059 978 iuratur,

343 1017 432 1045 non
478 1017 610 1056 saepe
654 1010 791 1044 testes
826 1002 1082 1052 afferuntur,
1115 1003 1234 1056 quod
1269 1002 1382 1044 idem
1418 1003 1654 1043 dicendum
1688 1008 1755 1042 cst
1788 1001 1843 1042 de
1875 1000 2061 1042 numini·

345 1077 425 1117 bus
458 1076 650 1124 infernis,
699 1076 858 1128 quibus
891 1075 1150 1127 praesertim
1183 1074 1562 1115 exsecrationibus
1595 1073 1669 1127 qui
1697 1074 1822 1124 iurat,
1851 1087 1899 1113 se
1927 1073 2061 1114 devo-

343 1153 427 1188 vet.
465 1146 675 1188 Attamen
707 1147 889 1187 nimium
923 1147 1027 1187 mihi
1059 1146 1231 1187 videtur
1264 1147 1445 1197 dictum,
1478 1146 1599 1199 quod
1632 1145 1849 1186 Hirzel
1882 1145 1941 1185 ait
1973 1157 2000 1185 0
2032 1143 2058 1184 1.

344 1233 385 1272 p.
441 1228 542 1271 170:
595 1218 881 1271 „Uberhaupt
929 1218 1028 1259 sind
1075 1218 1145 1259 die
1192 1216 1452 1258 Gottheiten
1492 1217 1569 1258 der
1601 1217 1840 1259 Unterwelt
1873 1229 1951 1257 aus
1983 1215 2063 1257 der

345 1291 481 1332 Reihe
514 1291 591 1331 der
622 1290 953 1345 Schwurgotter
985 1303 1095 1331 zwar
1127 1291 1247 1331 nicht
1280 1290 1638 1345 ausgeschieden,
1672 1291 1777 1330 aber
1804 1287 2060 1329 erscheinen

345 1363 459 1404 doch
504 1376 586 1403 nur
628 1362 813 1414 selten’',
857 1362 940 1416 Ag.
976 1363 1090 1403 enim
1131 1372 1265 1413 1433;
1299 1361 1415 1402 Med.
1450 1369 1550 1414 395,
1591 1371 1723 1414 10593
1772 1359 1866 1401 Alc.
1899 1368 1988 1411 439
2018 1358 2061 1399 in

344 1435 441 1488 ipso
473 1434 565 1474 iure
599 1434 794 1483 iurando,
829 1433 951 1486 Sept.
971 1434 1068 1474 adv.
1103 1433 1245 1474 Theb.
1272 1434 1405 1483 1046;
1439 1431 1636 1485 Choeph.
1673 1432 1899 1484 305‚488;
1933 1430 2060 1472 Eum.

349 1515 444 1559 515,
483 1507 582 1559 748,
616 1507 715 1558 847,
750 1507 859 1557 8803
893 1504 1028 1558 Soph.
1053 1504 1174 1547 OC.
1215 1505 1497 1557 1568‚1574;
1530 1504 1631 1545 Eur.
1652 1503 1762 1545 Hec.
1780 1504 1850 1553 68,
1871 1511 1951 1555 79;
1985 1501 2060 1544 Or.

352 1587 445 1630 174,
486 1577 618 1629 1496;
652 1577 748 1618 Hel.
783 1578 871 1628 969
889 1578 931 1617 in
950 1577 1277 1630 precationibus
1296 1577 1566 1617 invocantur.
1601 1576 1855 1616 Notandum
1872 1576 2063 1629 denique

347 1656 414 1691 est
466 1650 610 1702 ipsum
659 1645 805 1699 Ὅρκον
849 1648 981 1689 deum
1023 1660 1249 1700 nunquam
1298 1647 1490 1688 invocari
1536 1659 1618 1687 nec
1651 1659 1837 1700 usquam
1870 1658 2063 1687 comme-

346 1721 505 1762 morari
551 1721 594 1761 in
642 1720 884 1774 tragoedia,
930 1725 1105 1772 praeter
1147 1718 1201 1760 O.
1226 1718 1274 1761 C.
1315 1719 1438 1770 1767,
1472 1717 1564 1764 Διὸς
1594 1716 1761 1769 “Ὀρκος,
1807 1717 1884 1759 ubi
1915 1723 2062 1759 autem

346 1794 455 1834 deus
501 1805 589 1834 non
638 1797 706 1832 est
751 1791 821 1832 ille
869 1791 1077 1840 infernus,
1126 1792 1181 1832 de
1228 1805 1317 1845 quo
1359 1804 1492 1844 supra
1534 1791 1615 1832 fuit
1647 1803 1805 1840 sermo,
1838 1791 1917 1831 sed
1949 1789 2063 1831 Iovis

347 1862 469 1915 ὄρκίου
502 1864 712 1905 minister.
733 1860 766 1918 3)

405 1935 536 1989 Quod
568 1942 717 1976 autem
751 1949 883 1988 supra
914 1936 998 1976 iam
1031 1935 1236 1985 diximus,
1270 1934 1400 1991 vulgo
1433 1935 1633 1988 plures
1666 1935 1724 1975 dii
1756 1940 1894 1975 testes
1926 1934 1969 1975 in
2001 1935 2063 1975 iu-

346 2015 544 2049 ramento
591 2008 922 2055 invocabantur,
971 2020 1158 2060 quorum
1201 2020 1408 2048 numerus
1443 2008 1620 2047 minime
1654 2007 1898 2048 constabat.
1932 2005 2063 2047 Inter-

346 2081 451 2121 dum
483 2081 604 2130 duo,
638 2080 894 2132 saepissime
926 2085 1061 2129 tres,
1095 2079 1327 2132 aliquoties
1359 2079 1446 2119 iam
1479 2079 1623 2131 plures
1646 2079 1899 2120 afferuntur.
1918 2079 1950 2126 ⁴)
1983 2078 2063 2119 Per

398 2278 430 2318 1)
457 2275 504 2310 cf.
544 2275 704 2320 Rapp.
744 2285 780 2310 a.
817 2276 1083 2319 Roscher‚
1125 2276 1197 2312 o.l.
1224 2277 1246 2311 i.
1270 2287 1304 2311 v.
1335 2276 1480 2319 Helios,
1508 2277 1578 2311 col.
1609 2287 1719 2310 2020:
1748 2275 1917 2319 „Darum
1944 2276 1995 2311 ist
2021 2287 2064 2311 er

346 2335 414 2379 (sc.
441 2335 589 2374 Helios>
618 2335 680 2369 ein
707 2335 844 2370 immer
873 2337 1182 2382 gegenwartiger
1209 2336 1234 2371 Z
1249 2347 1270 2371 e
1285 2348 1309 2371 u
1325 2347 1348 2382 g
1363 2347 1384 2371 e
1412 2336 1482 2371 all
1499 2347 1519 2371 e
1535 2348 1552 2371 r
1580 2336 1615 2370 H
1630 2347 1652 2371 a
1667 2347 1690 2371 n
1705 2336 1730 2370 d
1745 2336 1792 2370 lu
1806 2347 1831 2370 n
1845 2347 1869 2382 g
1882 2346 1903 2370 e
1918 2347 1941 2370 n
1958 2363 1966 2378 ‚
1993 2336 2063 2370 der

346 2394 487 2430 Gotter
513 2395 592 2429 und
619 2394 842 2437 Menschen,
871 2396 934 2430 die
962 2406 1003 2430 er
1030 2395 1320 2442 beaufsichtigt,
1348 2397 1420 2431 wie
1448 2397 1509 2431 ein
1532 2396 1836 2441 Spaher,onaxo;.
1859 2395 1906 2430 cf.
1923 2395 2062 2442 Hymn.

347 2455 385 2488 in
424 2454 507 2489 Cer.
534 2456 578 2488 62
606 2454 623 2486 ὅ
646 2459 741 2486 πάντ’
767 2452 952 2487 ἐποπτεύων
980 2483 986 2490 .
1017 2483 1023 2488 .
1053 2484 1059 2491 .
1087 2456 1166 2490 und
1194 2456 1289 2490 wird
1316 2456 1370 2490 als
1398 2456 1467 2491 der
1495 2455 1748 2502 wahrhaftige
1772 2452 1990 2495 πιστοφῦλαξ
2013 2454 2061 2489 cs.

347 2513 468 2558 Orph.
507 2514 634 2560 hymn.
673 2523 705 2557 7,
748 2523 787 2556 17
826 2515 905 2549 und
940 2515 1372 2550 Wahrheitschaffende
1403 2515 1547 2550 iiberall
1573 2515 1795 2561 angerusen,
1822 2525 1883 2550 wo
1910 2525 1953 2550 es
1977 2514 2061 2550 sich

347 2584 411 2608 um
438 2573 639 2608 Wahrheit
665 2575 842 2617 handelt;
871 2586 915 2610 so
943 2575 1070 2610 neben
1096 2574 1204 2616 Zeus,
1234 2575 1292 2610 Ge
1319 2575 1397 2610 und
1420 2575 1495 2610 den
1518 2575 1688 2621 Erinyen
1711 2576 1814 2610 beim
1837 2574 2060 2610 feierlichen

347 2633 432 2676 Eid,
459 2634 586 2668 wobei
612 2633 691 2668 ihm
717 2635 779 2669 ein
807 2635 909 2669 Eber
937 2634 1154 2679 geslachtet
1189 2635 1296 2676 wird,
1324 2635 1360 2669 Il.
1389 2635 1494 2677 XIX,
1526 2645 1601 2679 197,
1631 2638 1718 2678 258;
1752 2635 1928 2680 Apollon.
1956 2634 2001 2670 Α.
2029 2647 2062 2676 4,

352 2703 450 2736 1019,
491 2693 562 2728 wie
602 2694 702 2728 auch
741 2694 803 2729 die
837 2694 1063 2729 Deutschen
1101 2695 1164 2729 bei
1201 2695 1271 2729 der
1299 2695 1428 2729 Sonne
1455 2695 1662 2730 schwuren
1692 2694 1915 2738 (Grimm.
1942 2694 2060 2741 Myth.

349 2763 385 2794 p.
425 2751 507 2797 586)
534 2780 542 2787 .
571 2782 578 2789 .
606 2781 614 2789 .
648 2779 653 2785 .
690 2764 735 2788 so
775 2754 870 2788 wird
910 2764 952 2788 er
985 2755 1046 2789 bei
1075 2754 1151 2789 den
1179 2753 1394 2800 Tragikern
1421 2753 1546 2800 haufig
1573 2754 1627 2789 als
1654 2754 1780 2800 Zeuge
1807 2755 1877 2789 des
1904 2754 2062 2789 Frevels

349 2813 447 2845 oder
484 2811 679 2846 Unrechts
718 2813 929 2858 angerufen
969 2814 1016 2848 cf.
1058 2814 1235 2848 Aesch
1285 2813 1408 2848 Prom.
1449 2825 1511 2857 91;
1551 2813 1707 2858 Soph.
1748 2814 1806 2855 Ai,
1834 2816 1921 2858 857;
1947 2813 2061 2848 Eur.

349 2870 449 2906 Med.
481 2880 567 2915 1252
595 2882 682 2917 sqq.

398 2932 432 2971 2)
459 2929 506 2966 cf.
534 2930 705 2976 Rapp‚
731 2931 778 2967 O.
806 2931 825 2967 l.
853 2932 925 2967 col.
953 2942 1054 2973 2024.

397 2990 432 3032 3)
459 2989 505 3023 ef,
534 2990 725 3036 Reisig
751 2991 883 3026 Enarr.
912 2992 962 3026 ad
993 2995 1100 3036 17583
1127 2992 1315 3027 Hirzel
1342 2993 1413 3028 o.l.
1441 3003 1476 3037 p.
1507 3003 1583 3037 145.

398 3048 435 3091 4)
461 3050 522 3083 lus
560 3051 764 3085 iurandum
802 3061 871 3096 per
909 3057 988 3086 tres
1028 3052 1124 3086 deos
1163 3052 1296 3086 datum
1336 3053 1406 3087 fuit
1444 3052 1528 3094 ὅρκος
1573 3055 1699 3094 νόμιμος
1736 3053 1796 3088 vel
1828 3051 1986 3095 ἐγχώριος
2011 3053 2060 3088 cf.

351 3108 615 3143 Ziebarth
638 3120 668 3144 a.
697 3110 844 3145 P.-W.
872 3111 950 3146 Col.
980 3121 1082 3154 2077.
1110 3112 1187 3146 Iam
1215 3111 1342 3146 Schol.
1370 3112 1465 3147 Ven.
1481 3113 1584 3147 idem
1611 3113 1834 3148 observavit
1860 3113 1910 3148 ad
1924 3112 1962 3148 11.
1976 3112 2060 3157 XV,

351 3169 415 3209 36:
453 3169 516 3198 Διὰ
554 3171 648 3208 τριῶν
685 3167 719 3200 δὲ
745 3167 780 3207 ἦν
806 3170 875 3206 ἔθος
913 3169 1055 3211 ὀμνύναι,
1097 3171 1134 3206 ὡς
1174 3171 1302 3212 Δράκων
1340 3170 1431 3212 ἔταξε
1469 3172 1545 3210 Δία,
1570 3171 1767 3212 Ποσειδῶνα,
1793 3175 1947 3211 Ἀθηνᾶν,
1972 3173 2007 3204 oe‘
2025 3170 2062 3205 δέ

352 3227 425 3264 Δία,
462 3226 659 3266 Ποσειδῶνα,
700 3227 884 3270 Δήμητραν,
915 3230 953 3266 ὡς
990 3230 1201 3272 Δημοσθένης
1238 3231 1266 3262 ἐν
1305 3235 1347 3273 τῷ
1372 3232 1428 3263 ἐπί
1449 3237 1673 3273 Τιμοκράτους.
1713 3233 1771 3267 De
1797 3233 1872 3268 hac
1898 3242 2062 3268 consue·
