2326 3718
1154 315 1236 347 100

336 434 608 484 confirmant,
657 435 773 476 idem
806 440 954 475 tamen
986 435 1102 487 apud
1135 433 1400 488 Sophoclem
1434 437 1592 478 fecisse
1624 437 1847 480 Theseum
1868 436 1896 492 ¹)
1927 439 2049 481 audi·

336 518 446 546 muS.
495 504 603 546 Item
649 504 763 547 Creo
810 505 959 560 Antig.
1014 507 1095 557 184
1140 507 1251 548 iurat
1298 520 1345 548 se
1391 509 1487 549 urbi
1533 515 1870 562 prospecturum
1916 510 2048 563 inque

338 576 636 627 „Philoctete”
670 589 816 617 sermo
848 583 914 617 est
948 577 1003 617 de
1037 578 1289 619 iuramentis
1321 578 1462 620 Ulixis
1494 586 1538 621 et
1570 579 1799 622 Diomedis
1831 582 1911 632 (vs.
1934 581 2048 635 597),

335 648 494 699 quibus
557 661 603 688 se
650 648 982 688 obstrinxerunt
1030 648 1316 690 Philoctetem
1363 651 1418 692 ad
1467 650 1642 692 Troiam
1686 665 1734 692 se
1775 652 2049 694 reducturos.

335 718 450 760 Satis
482 719 604 760 hisce
636 718 743 760 locis
775 719 964 760 refutata
996 726 1105 772 puto
1137 734 1201 772 ea,
1234 733 1347 774 quae
1375 721 1518 763 Hirzel
1537 735 1578 775 p.
1603 733 1680 774 133
1700 724 1782 765 ait:
1817 723 2050 776 Euripides

336 789 534 845 dagegen
571 790 675 844 geht
708 790 787 831 mit
819 790 896 831 der
929 791 1346 845 fortgeschrittenen
1379 792 1664 835 Demokratie
1695 795 1785 836 und
1816 794 2050 836 schwarmt

335 862 446 903 auch
479 862 571 903 hier
603 862 671 903 sijr
702 862 893 918 gleiches
925 861 1089 903 Recht:
1124 863 1305 904 deshalb
1337 864 1564 905 schworen
1584 897 1591 905 .
1614 896 1622 904 .
1642 895 1680 905 ..

396 934 542 975 Etiam
576 947 640 984 ea,
679 945 792 986 quae
826 934 880 975 de
914 947 1017 988 rege
1048 933 1202 990 Aegeo
1236 935 1366 988 paulo
1398 942 1500 988 post
1531 934 1590 990 (p.
1632 935 1730 990 134)
1764 937 1972 990 disputet,
2006 937 2050 978 in

336 1005 534 1046 versibus
566 1005 814 1057 Euripideis
846 1006 1024 1046 minime
1057 1006 1136 1046 niti
1168 1006 1273 1047 mihi
1305 1007 1518 1048 videntur.
1555 1006 1712 1058 „Auch
1743 1008 1785 1048 in
1818 1009 1896 1050 der
1922 1006 2050 1049 Brust

335 1076 698 1129 Euripideischen
755 1076 934 1131 Aigeus,
977 1077 1131 1131 inquit,
1172 1078 1305 1133 steigt
1347 1079 1425 1119 das
1469 1077 1633 1120 Gefiihl
1679 1079 1766 1130 auf,
1814 1080 1917 1120 dass
1964 1079 2050 1120 den

336 1149 420 1190 Eid
452 1162 504 1190 zu
535 1148 690 1190 leisten
723 1149 976 1203 gegeniiber
1008 1149 1181 1190 Medeia
1212 1149 1300 1191 ihm
1328 1150 1449 1192 nicht
1465 1151 1616 1201 zieme,
1636 1151 1751 1191 noch
1769 1150 2050 1192 bemerkens·

336 1220 522 1261 werther
563 1221 668 1261 aber
711 1220 766 1261 ist
809 1220 879 1261 die
922 1219 1016 1269 Art,
1053 1221 1132 1262 wie
1165 1235 1212 1262 es
1245 1222 1371 1263 rasch
1409 1222 1742 1278 beschwichtigt
1774 1223 1881 1264 wird
1913 1221 2051 1264 durch

338 1293 424 1333 den
466 1291 660 1333 Hinweis
703 1291 780 1333 auf
818 1292 890 1332 die
921 1292 1299 1344 Bequemlichkeit
1331 1294 1417 1334 den
1444 1293 1528 1335 Eid
1559 1294 1622 1335 als
1656 1293 1879 1336 Vorwand
1910 1306 2052 1349 gegen

333 1364 435 1418 jede
479 1364 760 1418 Zumuthung
801 1364 880 1404 des
923 1363 1204 1405 Treubruchs
1246 1365 1464 1406 benfitzen
1495 1378 1547 1406 zu
1579 1365 1800 1406 konnen.“
1832 1364 2053 1407 Accurate

337 1436 675 1489 perpendamus,
709 1447 823 1488 quae
855 1435 1039 1477 Medeae
1072 1444 1156 1488 727
1191 1448 1288 1489 sqq.
1321 1435 1534 1492 leguntur.

396 1507 474 1548 Vs.
519 1515 602 1559 727
645 1506 822 1562 Aegeus
863 1506 1094 1559 pollicetur
1125 1521 1172 1548 se
1205 1507 1407 1549 Medeam
1440 1508 1651 1550 tuiturum
1669 1506 1721 1563 ²),
1753 1509 1912 1562 quibus
1942 1508 2052 1550 haec

337 1580 578 1632 respondet
609 1579 753 1634 (731):
788 1576 901 1618 ἔσται
932 1576 1037 1620 τάδ’.
1078 1577 1195 1620 ἀλλὰ
1226 1577 1363 1625 πίστις
1396 1579 1430 1620 εἰ
1460 1577 1614 1628 γένοιτό
1644 1594 1710 1629 μοι

782 1647 946 1697 τούτων,
978 1647 1116 1702 ἔχοιμ’
1148 1647 1196 1691 ἄν
1227 1648 1367 1691 πάντα
1400 1649 1496 1702 πρός
1527 1648 1646 1692 σέθεν
1679 1653 1834 1698 καλῶς.

337 1722 483 1764 Facile
514 1721 778 1777 intellegitur
809 1735 897 1763 non
930 1723 1140 1764 continuo
1166 1736 1314 1778 regem
1332 1723 1398 1764 ius
1416 1724 1645 1765 iurandum
1663 1723 1836 1765 offerre.
1870 1723 2052 1765 Miratus

338 1800 489 1850 rogat:
538 1794 623 1842 μῶν
665 1792 706 1834 οὐ
748 1791 853 1833 πέπο
870 1790 981 1842 θοις-ς
1024 1791 1045 1841 ἤ
1088 1791 1132 1834 τί
1160 1808 1218 1835 σοι
1247 1793 1292 1835 τὸ
1325 1793 1532 1846 δυσχερές.
1565 1795 1632 1836 De
1665 1796 1730 1847 iis,
1763 1807 1876 1849 quae
1907 1795 2052 1837 Hirzel

337 1866 501 1917 scribit,
548 1865 653 1907 nihil
694 1866 792 1921 lego
839 1878 983 1918 neque
1029 1865 1248 1922 intellego,
1299 1868 1373 1908 ubi
1415 1874 1624 1920 appareat
1656 1880 1804 1922 regern
1836 1867 2051 1920 dubitare,

336 1950 483 1979 annon
526 1938 706 1993 dignum
750 1938 805 1978 sit
838 1938 991 1979 iurare.
1025 1937 1255 1979 Praeterea
1287 1951 1344 1979 ex
1377 1951 1593 1991 responso
1624 1939 1809 1980 Medeae
1836 1939 1941 1980 satis
1973 1951 2051 1992 ap·

337 2015 461 2061 paret
492 2022 581 2050 non
614 2006 748 2049 πίστιν
782 2022 879 2050 eam
911 2022 1080 2065 rogare,
1112 2010 1214 2062 quia
1246 2011 1336 2066 regi
1369 2010 1552 2052 diffidat.
1597 2010 1863 2064 Simpliciter
1895 2011 2052 2052 refert:

338 2077 541 2127 Πέποιθαι,
589 2081 668 2122 sed
715 2087 983 2134 perseverat.
1030 2080 1218 2123 Causam
1237 2078 1270 2132 ³)
1318 2082 1525 2134 exponit:
1561 2082 1657 2135 sibi,
1690 2083 1853 2136 quippe
1884 2082 2054 2124 mulieri

337 2152 467 2194 debili
513 2152 655 2194 solum
702 2154 968 2205 promissum
1015 2154 1120 2194 satis
1161 2166 1260 2194 esse
1292 2166 1381 2194 non
1413 2154 1670 2207 arbitratur3
1713 2167 1824 2207 opus
1871 2154 1953 2196 sibi
1985 2161 2053 2195 est

337 2224 644 2274 affirmatione,
677 2235 790 2275 quae
821 2236 910 2265 non
943 2225 986 2264 in
1018 2224 1225 2277 opinione
1243 2225 1444 2277 hominis,
1478 2239 1532 2267 ne
1550 2226 1663 2281 regis
1682 2226 1860 2277 quidem
1877 2227 2053 2276 nitatur,

337 2307 449 2347 quae
496 2307 620 2336 suam
667 2296 890 2348 propriam
937 2296 1024 2336 vim
1068 2297 1219 2348 utique
1259 2303 1418 2338 servet.
1451 2297 1596 2338 Etiam
1629 2311 1708 2338 rex
1739 2297 1874 2338 fidem
1904 2297 2053 2339 fallere

337 2373 500 2419 potest,
550 2367 807 2419 praesertim
856 2367 892 2407 si
936 2381 961 2407 a
1007 2367 1326 2419 potentissimis
1373 2368 1556 2410 Medeae
1604 2369 1788 2410 inimicis
1835 2369 2052 2420 incitatur,

336 2438 402 2479 sin
434 2438 652 2488 iuraverit,
686 2439 828 2479 omnis
861 2438 1077 2479 dubitatio
1109 2439 1262 2481 aberit.

394 2509 516 2550 Luce
563 2509 719 2551 clarius
765 2510 850 2550 hoe
897 2510 996 2551 loco
1043 2517 1240 2563 apparet,
1303 2512 1454 2563 quanti
1505 2513 1570 2553 ius
1617 2513 1846 2553 iurandum
1895 2513 2053 2554 Medea

337 2582 553 2623 aestimet.
586 2582 654 2622 De
686 2582 1050 2637 tergiversatione
1081 2581 1233 2637 Aegei,
1267 2590 1503 2635 postquam
1530 2583 1638 2625 haec
1655 2584 1812 2624 Medea
1830 2585 2050 2637 exposuit,

390 2701 422 2742 ι)
450 2699 498 2734 cf.
525 2698 571 2735 O.
598 2699 640 2735 C.
671 2702 770 2743 ¹637·

386 2761 421 2802 2)
447 2758 533 2796 αὐτῆ
559 2757 589 2790 δ’
603 2758 713 2799 ἐάνπερ
738 2758 784 2796 εἰς
810 2759 902 2799 ἐμοὺς
927 2757 1026 2802 ἔλθῃς
1052 2758 1167 2799 δόμους

442 2819 548 2859 μενεῖς
573 2818 691 2855 ἄσυλος
716 2817 775 2850 κοῦ
797 2830 834 2851 σε
859 2818 905 2859 μὴ
931 2822 1024 2860 μεθῶ
1049 2831 1127 2851 τινι.

387 2880 422 2921 3)
448 2878 497 2913 cf.
521 2889 599 2914 vss.
626 2888 692 2923 735
721 2889 828 2924 sqq:
855 2877 987 2916 τούτοις
1012 2878 1040 2910 δ’
1055 2879 1185 2920 ὁρκίοισι
1210 2878 1256 2930 μὴ
1281 2875 1397 2920 ζυγείς

860 2937 997 2980 ἄγουσιν
1023 2937 1062 2970 biv
1088 2939 1194 2979 μεθεῗ
1222 2937 1259 2971 ἄν
1283 2939 1316 2970 ἐκ
1343 2938 1446 2980 ssim
1472 2938 1540 2980 ἐμέ·

863 3000 971 3039 λόγοις
998 2997 1032 3031 δὲ
1057 2998 1192 3039 confug
1218 2997 1276 3030 καὶ
1301 3001 1381 3031 θεῶν
1406 2999 1565 3040 ἐνώμοτος

859 3059 953 3099 φίλος
979 3057 1081 3099 γένοι’
1107 3057 1145 3090 ἄν
1172 3057 1485 3100 κάπικηρυκεύμοιτα

859 3117 916 3150 οὐκ
942 3116 982 3149 ἅν
1009 3119 1152 3158 moesto·
1179 3117 1272 3159 τάμὰ
1296 3118 1356 3159 μὲν
1380 3119 1446 3160 ’γὰρ
1472 3118 1596 3156 ἀσθενῆ

861 3178 927 3214 τοῒς
955 3176 1096 3218 δ”όλβος
1121 3177 1196 3209 ἐστι’
1217 3176 1273 3210 καὶ
1297 3177 1392 3219 δόμος
1417 3180 1610 3219 τυραννικός.

385 3235 425 3269 In
452 3235 653 3270 laudandis
679 3237 787 3271 hisce
814 3238 990 3272 versibus
1015 3243 1173 3273 secutus
1199 3248 1284 3272 sum
1311 3238 1439 3273 Hirzel
1465 3238 1515 3274 cf.
1540 3250 1577 3284 p.
1609 3249 1683 3282 ¹3⁴-

2311 820 2314 828 ’”
2308 471 2323 774 φαςφ<μὼὼὴ-.ᾐ
2318 447 2321 458 Α.
2319 400 2321 428 μ,
2310 318 2321 346 «Ᾰ
2316 291 2321 303 .-
2316 247 2321 280 ΜΛ,
