2392 3750
1119 334 1173 389 65

293 471 408 519 clare
456 476 611 514 contra
656 484 681 513 e
723 469 922 512 versibus
964 467 1149 510 laudatis
1182 466 1446 524 intellegitur
1477 479 1590 521 quae
1622 465 1725 508 iuris
1759 463 1927 507 iurandi
1961 463 2003 506 in

295 544 456 586 iudicio
489 549 607 584 esset
639 543 705 584 vis
736 548 869 596 atque
899 540 1152 582 auctoritas.

351 615 422 656 Ex
454 613 564 656 deae
590 613 736 655 verbis
752 611 989 666 postremis
1007 617 1189 664 apparet
1207 624 1233 651 a
1249 611 1479 661 iudicibus,
1499 608 1795 664 Areopagitae
1812 608 1886 662 qui
1903 613 2005 661 post

293 686 510 738 dicuntur,
544 685 611 726 ius
641 684 872 726 iurandum
905 695 1004 724 esse
1037 682 1230 723 dandum
1251 680 1298 736 ¹),
1332 682 1453 736 quod
1484 694 1540 722 ne
1557 680 1791 736 neglegant
1809 679 2005 720 Minerva

291 758 485 811 itemque
533 763 635 809 post
681 754 844 809 Apollo
860 751 896 808 2)
944 759 1109 804 monet,
1158 753 1263 794 satis
1311 766 1362 795 ea
1409 753 1504 806 ipsa
1545 765 1591 794 re
1633 752 2004 803 demonstrantes,

290 828 442 883 quanti
473 828 529 869 sit
560 827 690 880 pretii
707 822 755 875 ³).

349 898 512 952 Apud
552 896 900 951 Sophoclem
942 897 1080 938 rarius
1123 895 1180 937 de
1218 896 1310 937 iure
1343 895 1527 937 iurando
1558 895 1601 936 in
1633 893 1794 936 iudicio
1825 893 1918 935 sive
1948 893 2005 934 ab

289 970 519 1020 iudicibus,
572 969 664 1010 sive
714 982 740 1009 a
790 967 1080 1024 litigatoribus
1127 967 1233 1008 dato
1280 967 1328 1008 fit
1375 967 1556 1015 mentio,
1603 978 1868 1020 quamquam
1916 977 2005 1006 non

289 1042 450 1084 desunt
482 1042 576 1083 eius
607 1040 778 1082 indicia.

290 1237 462 1273 Minerva
501 1237 598 1272 haec
638 1236 734 1272 dicit
772 1246 859 1271 earn
898 1234 1022 1271 solam
1058 1235 1110 1271 ob
1137 1245 1297 1270 causam
1323 1245 1394 1280 (sc.
1422 1239 1611 1280 utrasque
1639 1237 1774 1279 partes
1800 1241 1843 1267 se
1870 1230 2005 1267 audire

289 1296 412 1338 velle),
446 1297 537 1343 quia
563 1296 689 1342 primo
713 1296 853 1331 obtutu
879 1294 1033 1330 videtur
1059 1305 1179 1330 causa
1204 1294 1292 1330 talis
1319 1304 1417 1336 esse,
1444 1293 1598 1339 qualem
1625 1292 1763 1328 Furiae
1790 1291 1925 1327 dicunt
1951 1301 2004 1327 sc.

289 1355 470 1392 Orestem
497 1366 584 1391 esse
611 1361 829 1391 nocentem.
857 1354 1031 1390 Eandem
1058 1355 1109 1390 ob
1136 1364 1293 1389 causam
1321 1365 1375 1389 vs.
1405 1364 1473 1397 433
1499 1351 1606 1386 κλύειν
1635 1351 1756 1390 δίκαιος
1781 1362 1868 1398 sqq.
1883 1351 2006 1387 choro

288 1416 421 1452 obicit.
447 1415 554 1451 Prius
580 1426 694 1461 quam
722 1415 987 1451 iusiurandum
1014 1414 1129 1450 datur
1155 1419 1266 1450 certo
1292 1413 1384 1448 sciri
1411 1417 1583 1458 oportet,
1612 1422 1712 1458 quae
1738 1412 1788 1447 sit
1815 1421 1944 1446 causa.

340 1476 373 1521 ι)
397 1475 550 1511 Iudices
576 1486 598 1510 a
623 1475 795 1510 Minerva
820 1475 980 1518 institui,
1007 1474 1073 1520 qui
1095 1474 1257 1510 crimina
1279 1474 1521 1519 inquirerent
1533 1473 1676 1513 αἵματος
1688 1473 1796 1513 χυτοῦ
1810 1470 1920 1506 Eum.
1936 1471 2004 1505 682

288 1534 474 1570 discimus
489 1535 675 1580 exipsius
689 1535 786 1569 deae
801 1534 940 1570 verbis.
958 1533 1064 1568 Blass
1078 1538 1190 1579 putat
1205 1537 1362 1578 poetam
1379 1531 1560 1568 consulto
1575 1531 1787 1566 Minervam
1803 1530 2004 1565 induxisse

288 1594 504 1630 iuramenta
535 1594 773 1631 reicientem.
807 1593 1034 1640 Aeschylus,
1069 1593 1204 1638 inquit,
1240 1603 1276 1629 0.
1302 1592 1324 1629 l.
1351 1603 1387 1637 p.
1420 1602 1494 1635 122,
1521 1591 1572 1626 ist
1598 1590 1774 1626 offenbar
1799 1590 2005 1625 derselben

286 1653 467 1700 Meinung
493 1655 626 1699 (atque
653 1653 761 1688 Plato
786 1664 840 1689 sc.
867 1654 932 1699 qui
959 1653 1132 1698 putabat,
1160 1656 1202 1687 ut
1227 1652 1281 1686 ait
1309 1650 1438 1686 Blass:
1465 1661 1576 1695 „man
1599 1653 1729 1686 musse
1756 1650 1832 1685 den
1846 1649 1921 1684 Eid
1935 1649 2005 1684 der

288 1713 558 1749 Interessirten
596 1712 821 1748 abschaffen
848 1712 926 1747 und
942 1723 1012 1747 nur
1028 1711 1103 1746 den
1118 1711 1431 1746 uninterissirten
1447 1710 1609 1745 Richter
1623 1710 1829 1745 schworen
1843 1707 2006 1754 lassen);

288 1772 391 1808 denn
427 1772 612 1808 wahrend
637 1772 708 1807 das
739 1772 918 1807 Attische
945 1771 1073 1806 Recht
1099 1781 1201 1806 zwar
1226 1770 1335 1806 nicht
1360 1769 1461 1804 nach
1489 1769 1578 1804 dem
1605 1769 1704 1804 Eide
1731 1769 1801 1804 der
1827 1768 2005 1804 Parteien

287 1831 542 1868 entscheiden
570 1832 671 1873 liesz,
698 1832 792 1867 aber
817 1831 952 1866 diesen
979 1830 1053 1865 Eid
1067 1830 1145 1865 (die
1159 1828 1318 1870 διωμοσία
1334 1829 1423 1876 Lys.
1439 1829 1488 1869 X,
1508 1839 1543 1864 11
1564 1840 1572 1872 ;
1597 1828 1850 1864 Demosthen.
1866 1828 2006 1870 xxm.

287 1894 344 1935 63,
370 1893 427 1935 68,
457 1892 514 1936 7ι)
539 1890 988 1937 inconsequenterweise
1015 1890 1078 1925 bei
1100 1889 1390 1936 Blutgerichten
1403 1888 1482 1924 und
1496 1893 1607 1924 sonst
1621 1886 1838 1934 (ἀντωμοσία)
1853 1888 2006 1923 immer-

287 1950 390 1986 noch
416 1950 600 1995 foi-dene,
627 1950 722 1986 laszt
748 1950 792 1987 A.
819 1950 857 1985 in
884 1950 974 1985 dem
999 1950 1084 1984 hier
1111 1948 1389 1995 vorgesfihrten
1414 1947 1576 1984 Urbilde
1603 1949 1711 1983 eines
1726 1947 2005 1993 Blutgerichts-

287 2010 514 2046 verfahrens
539 2010 602 2045 die
630 2008 792 2051 διωμοσία
818 2008 972 2045 einfach
998 2019 1077 2050 ειυς,
1105 2018 1292 2055 wogegen
1319 2008 1383 2043 die
1409 2007 1571 2043 Richter
1596 2008 1695 2042 auch
1723 2008 1787 2043 bei
1814 2007 1893 2042 ihm
1920 2017 2004 2042 ver-

288 2070 409 2116 eidigt
434 2069 558 2105 sind.‘’

335 2129 383 2166 cf.
419 2129 468 2165 de
502 2130 584 2165 iure
619 2129 783 2165 iurando
810 2129 859 2164 ad
885 2128 1054 2164 iudicem
1081 2128 1192 2164 initio
1219 2137 1361 2163 causae
1389 2127 1520 2162 dando
1547 2127 1616 2162 Ro
1632 2127 1697 2162 hd
1713 2137 1746 2171 e,
1773 2125 1955 2174 Psyche¹
1979 2126 2004 2168 1,

292 2191 345 2234 18,
374 2191 442 2224 268
468 2189 511 2224 A.
536 2200 567 2225 2.
603 2189 784 2235 Antiquis
811 2188 1053 2234 temporibus
1079 2193 1188 2224 certe
1213 2193 1342 2223 tamen
1370 2187 1446 2223 hoc
1474 2188 1532 2223 ius
1559 2186 1763 2222 iurandum
1789 2186 1859 2222 suit
1885 2187 2004 2223 docu-

287 2254 470 2285 mentum.
498 2249 547 2285 cf.
566 2249 755 2285 'Ziebarth
781 2259 816 2286 o.
845 2249 854 2283 l
892 2259 929 2294 p.
956 2258 1000 2288 ⁴4
1026 2259 1111 2294 sqq.

333 2308 369 2355 2)
395 2308 443 2344 cf.
469 2308 518 2344 de
546 2309 622 2345 hoc
649 2309 731 2344 iure
756 2308 920 2344 iurando
948 2307 1358 2352 Meier-Schom·Lips.
1385 2317 1418 2343 o.
1447 2306 1468 2342 l.
1483 2317 1548 2352 pp.
1571 2305 2005 2352 ¹5¹‚153(daszauszer

287 2367 422 2404 diesen
456 2367 529 2403 Eid
556 2369 658 2404 noch
685 2369 747 2403 ein
773 2368 930 2403 zweiter
955 2377 1027 2403 vor
1054 2367 1164 2413 jeder
1190 2366 1349 2413 Sitzung
1374 2377 1451 2402 von
1477 2366 1552 2401 den
1581 2365 1767 2401 Richtern
1794 2377 1840 2401 zu
1867 2365 2004 2402 leisten

289 2438 379 2472 war,
405 2427 546 2464 beruht
572 2439 643 2463 nur
670 2427 738 2463 auf
760 2427 1019 2463 irrtfimlicher
1047 2425 1276 2471 Annahme).

335 2489 371 2532 3)
398 2487 446 2523 cf.
473 2498 528 2523 vs.
555 2498 627 2531 490
653 2498 738 2534 sqq.
766 2484 835 2527 ἔξω
861 2484 991 2527 διαιμῗν
1015 2488 1118 2518 τοῦτο
1144 2488 1275 2527 πρᾶγμ’
1301 2483 1469 2526 ἂτητῦμως

762 2546 856 2587 ὅρκων
882 2549 997 2587 περῶντ
1006 2556 1045 2583 ας
1070 2543 1169 2586 μηδὶν
1197 2543 1331 2582 ίκδίκοις
1359 2544 1479 2586 φρεσίν.

333 2606 391 2643 Ita
415 2606 502 2654 lego
528 2617 616 2643 cum
643 2606 845 2643 Wecklein
873 2606 1047 2652 (Orestie
1076 2616 1112 2651 p.
1143 2607 1228 2649 287)

572 2677 627 2702 vs.
654 2668 746 2710 486:
772 2667 874 2708 Φόνων
899 2664 1059 2703 δικαστὰς
1083 2665 1203 2707 ὁρκίους
1231 2662 1401 2705 αἱρουμένη
1429 2662 1499 2710 (ita
1526 2673 1614 2699 cum
1642 2663 1760 2701 Blass.
1786 2675 1821 2700 v.
1849 2664 1933 2711 ⁴83)

771 2727 895 2766 θεσμὸν
919 2726 976 2758 τὸν
1004 2724 1050 2762 εἷς
1075 2725 1200 2757 ἅπαντ’
1226 2724 1291 2765 ἐγὼ
1316 2722 1408 2762 θήσω
1434 2724 1558 2766 χρόνον.

573 2796 629 2821 vs.
661 2793 748 2830 711:
775 2784 953 2827 ὀρθοῦσθαι
980 2782 1014 2816 δῦ
1040 2782 1106 2827 χρή

773 2843 832 2877 καῖ
857 2844 965 2885 ψῆφον
991 2843 1089 2884 dlpttv
1117 2842 1174 2875 καὶ
1202 2841 1376 2884 διαγνῶναι
1404 2840 1492 2880 δίκην

773 2902 978 2944 ulammaus
1004 2904 1056 2936 τὸν
1084 2902 1183 2944 ὅρκον.

442 2962 551 2999 Eum·
579 2974 634 2999 vs.
661 2965 751 3004 488:
778 2963 868 3004 ὑμῆς
895 2961 930 2995 δῖ
954 2961 1116 3004 μαρτύριά
1143 2973 1182 2995 τε
1208 2961 1266 2994 καῖ
1291 2959 1450 3002 τικμῆρια

775 3022 929 3055 καλεῖσθ’
955 3022 1070 3064 ἀρωγοὶ
1096 3023 1157 3059 τῆς
1183 3020 1269 3059 δίκης
1294 3019 1480 3062 ὁρκώματα.

335 3082 476 3125 ὅραμα.
502 3082 682 3128 exceptis
707 3081 783 3117 hoc
810 3081 898 3118 loco
923 3088 963 3117 et
988 3081 1098 3117 Eum.
1126 3091 1190 3125 77¹
1221 3090 1410 3127 nusquam
1439 3079 1587 3126 legitur.
1611 3078 1837 3126 significare
1851 3081 2005 3117 videtur

290 3142 370 3179 fere
399 3143 501 3179 idem
529 3147 647 3188 atque
672 3142 833 3183 πίστωμα
858 3140 922 3188 (cf.
948 3140 1149 3177 Wecklein
1177 3152 1213 3188 p.
1241 3143 1308 3185 287
1334 3140 1486 3183 Orest.;
1505 3139 1612 3175 Blass
1626 3150 1660 3175 o.
1676 3139 1697 3174 l.
1716 3151 1751 3187 p.
1771 3142 1851 3184 128)
1867 3141 2004 3178 Lectio

287 3208 418 3239 tamen
447 3213 524 3238 non
550 3206 717 3239 constat.
751 3199 795 3234 κύ
816 3202 853 3237 in
880 3211 1014 3237 rasura
1040 3206 1111 3237 est.
1145 3200 1261 3236 Pauw
1287 3200 1457 3235 coniecit
1486 3197 1677 3241 ὄρθώματα,
1703 3199 1844 3236 nullum
1873 3211 2005 3237 exem-

288 3262 393 3310 plum
419 3266 550 3299 tamen
577 3260 744 3298 afferens
771 3261 825 3297 ita
838 3260 939 3297 hanc
961 3270 1100 3297 vocem
1116 3260 1304 3307 usurpari.
1319 3258 1524 3295 Praeterea
1537 3268 1613 3294 non
1629 3263 1700 3304 est,
1715 3268 1784 3295 cur
1799 3265 2004 3297 mutemus.

1834 3341 1852 3377 5
