2326 3718
1163 317 1244 357 104

341 436 492 488 inquit,
542 448 626 476 von
674 436 750 477 der
798 435 1000 477 Gottheit
1033 436 1138 477 wird
1171 436 1309 478 durch
1341 437 1411 478 die
1444 436 1726 493 Vorstellung
1759 438 1873 479 ihrer
1906 438 2054 480 Macht

342 507 611 548 beherrscht.
661 507 825 548 Darum
870 506 1045 548 handelt
1078 508 1157 548 der
1189 508 1371 549 Mensch
1405 508 1515 549 auch
1549 508 1668 550 nicht
1700 522 1778 551 aus
1811 508 1948 551 Liebe
1980 523 2055 551 zur

342 578 543 619 Gottheit
590 578 782 619 sondern
826 591 904 620 aus
947 578 1112 620 Furcht
1156 579 1245 620 und
1279 578 1486 620 Erfurcht
1517 592 1596 620 vor
1629 579 1761 621 ihm.’'
1794 580 1903 622 Item
1935 594 2055 623 vere-

342 650 500 691 cundia
543 656 774 701 metusque
817 650 1002 691 deorum
1045 656 1125 700 est,
1171 662 1284 702 quae
1327 651 1519 692 maxime
1553 651 1750 705 impedit,
1783 665 1838 692 ne
1870 651 2056 694 violetur

342 721 407 761 ius
455 720 685 762 iurandum
735 732 990 773 poenasque
1041 734 1137 762 eam
1185 722 1243 762 ob
1290 734 1466 763 causam
1514 723 1651 778 magis
1697 735 1830 776 quam
1862 723 2056 776 praemia

342 793 529 845 proponi
562 798 907 833 consentaneum
928 790 974 847 ¹).

403 863 448 904 ln
496 863 780 905 sollemnibus
829 870 977 905 tamen
1021 863 1292 906 Graecorum
1340 865 1594 906 iuramentis
1642 878 1741 908 cum
1788 879 1932 919 poena
1962 872 2057 908 tum

343 935 535 987 praemia
568 941 973 976 commemorantur
994 932 1039 989 ²).

403 1006 550 1047 Iovem
584 1006 795 1059 imprimis
827 1020 925 1048 esse
953 1007 1055 1048 iuris
1085 1008 1253 1050 iurandi
1272 1014 1464 1050 tutorem
1483 1011 1617 1061 atque
1636 1009 1868 1060 vindicem,
1887 1010 2059 1051 etiamsi

344 1090 422 1130 per
452 1077 559 1118 alios
591 1077 699 1118 deos
732 1078 896 1119 iuretur
915 1075 967 1132 3),
1000 1079 1082 1119 iam
1114 1080 1326 1133 apparuit.

404 1149 660 1202 Priusquam
710 1150 752 1190 in
801 1150 916 1203 ipsas
963 1151 1212 1206 tragoedias
1255 1152 1311 1193 de
1342 1152 1533 1205 periurio
1566 1152 1823 1205 inquirimus
1854 1152 2059 1204 breviter,

344 1219 450 1273 quid
497 1220 567 1262 alii
613 1221 852 1274 scriptores
902 1223 1081 1274 antiqui,
1130 1223 1364 1276 praecipue
1408 1224 1481 1275 qui
1523 1230 1626 1265 ante
1670 1223 1861 1278 tragicos
1903 1229 2060 1277 poetas

346 1292 563 1343 vixerunt,
598 1293 653 1334 de
686 1305 738 1333 eo
771 1293 1071 1344 iudicaverint,
1106 1294 1433 1349 investigemus.

405 1363 488 1406 De
549 1363 835 1405 Homero.
898 1364 1030 1418 Quod
1077 1366 1231 1418 priscis
1282 1366 1557 1420 temporibus
1603 1367 1659 1408 de
1706 1367 1896 1420 periurio
1943 1372 2062 1408 esset

347 1435 554 1477 iudicium
588 1437 694 1477 satis
727 1436 770 1477 in
802 1437 1068 1478 carminibus
1099 1437 1348 1479 Homericis
1380 1444 1577 1491 apparet,
1615 1451 1715 1480 cum
1744 1438 2062 1480 ecaerimoniis

347 1509 717 1557 commemoratis,
750 1520 863 1560 quae
896 1508 975 1549 iuri
1009 1509 1192 1550 iurando
1225 1509 1500 1551 addebantur
1531 1509 1747 1561 sollemni,
1770 1516 1863 1551 tum
1882 1523 1940 1550 ex
1957 1509 2063 1562 ipsis

347 1579 491 1620 verbis
512 1575 561 1628 ¹¹).
611 1579 667 1619 Et
701 1579 961 1620 sacrificium
996 1586 1038 1620 et
1068 1580 1219 1621 libatio
1252 1593 1422 1633 poenae
1455 1587 1578 1622 erant
1611 1582 1733 1637 signa
1765 1581 1858 1622 viro
1889 1581 2064 1634 periuro

348 1651 656 1704 impendentis,
692 1652 811 1703 quod
844 1651 960 1692 idem
992 1651 1301 1707 Agamemnon
1334 1652 1583 1694 sacrificans
1606 1653 1837 1706 profitetur
1854 1650 1903 1707 ⁵).
1937 1653 2063 1694 Prae-

346 1729 468 1763 terea
515 1736 573 1763 ex
622 1736 689 1773 eo,
739 1724 857 1775 quod
901 1723 1089 1764 hostiam
1131 1724 1185 1765 ad
1229 1724 1331 1765 nihil
1363 1725 1479 1766 aliud
1510 1726 1709 1777 usurpari
1740 1724 1913 1776 licebat,
1946 1724 2062 1766 idem

347 1800 553 1847 apparet:
588 1807 712 1835 sacra
743 1801 836 1836 erat
872 1807 1011 1847 aeque
1044 1808 1095 1836 ac
1113 1796 1176 1836 vir
1194 1796 1392 1848 periurus
1415 1793 1459 1846 ε).
1493 1795 1633 1837 Multo
1650 1802 1798 1837 tamen
1815 1796 2064 1837 distinctius

347 1865 452 1918 ipsis
500 1866 742 1907 carminum
789 1866 934 1908 verbis
982 1867 1324 1918 demonstratur,
1376 1879 1488 1920 quae
1522 1880 1666 1920 poena
1697 1874 1894 1909 maneret
1925 1867 2063 1909 virum

348 1938 570 1990 periurum
602 1938 814 1990 cuiusque
848 1938 926 1979 has
960 1951 1126 1990 poenas
1159 1951 1332 1980 sumere
1365 1945 1483 1980 esset
1517 1952 1675 1980 munus
1696 1936 1744 1994 ⁷).

401 2098 433 2145 1)
460 2099 508 2134 cf.
535 2099 707 2145 Gruppe,
735 2111 769 2135 o.
797 2101 819 2135 i.
847 2111 909 2146 pp.
943 2110 1030 2143 1003
1046 2099 1072 2138 4,
1104 2103 1205 2136 1006.

399 2159 434 2204 2)
460 2159 506 2194 cf.
535 2159 722 2194 Hirzel
749 2170 783 2196 o.
811 2159 832 2194 1.
860 2171 896 2205 p.
928 2162 1016 2202 138:
1044 2160 1105 2202 „in
1131 2160 1206 2195 den
1222 2160 1397 2195 feierlich
1414 2160 1782 2206 ausgesprochenen
1797 2160 1973 2206 dagegen
1986 2159 2065 2194 und

351 2219 420 2254 mit
453 2218 628 2254 Bedacht
655 2219 899 2264 concipirten
926 2219 1069 2263 (Eiden
1096 2218 1166 2263 sc.)
1193 2219 1346 2254 scheint
1372 2219 1434 2254 die
1460 2219 1712 2264 Verbindung
1739 2230 1814 2254 von
1841 2219 1962 2254 Fluch
1987 2218 2066 2254 und

351 2278 478 2324 Segen
505 2278 567 2313 die
594 2278 749 2324 Regel.'’

399 2338 605 2373 Praeterea
633 2338 667 2374 O
684 2343 727 2374 tt
765 2349 800 2374 o.
827 2337 848 2375 l.
875 2350 910 2384 p.
940 2349 984 2382 29
1010 2338 1148 2374 foedus
1175 2339 1241 2384 qui
1267 2343 1550 2374 commemorat
1575 2338 1871 2374 Atheniensium
1897 2348 1985 2373 cum
2010 2338 2067 2372 in—

352 2397 448 2433 colis
475 2397 668 2444 Corcyrae
695 2398 828 2444 ictum,
853 2398 1031 2445 Polyb.
1060 2398 1249 2443 11,25‚6;
1289 2398 1454 2434 Inscr.
1495 2398 1652 2433 iurid.
1690 2407 1872 2444 grecq.
1911 2408 1947 2442 p.
1978 2406 2066 2440 ¹70}

353 2457 594 2492 Lasaulx
621 2467 655 2492 o.
684 2457 704 2492 1.
732 2468 768 2502 p.
801 2467 863 2500 13;
892 2457 996 2494 Ott.
1023 2468 1058 2493 o.
1084 2458 1105 2492 1.
1132 2469 1168 2503 p.
1199 2467 1265 2498 40:
1291 2458 1350 2493 ius
1376 2457 1579 2492 iurandum
1607 2457 1979 2503 Hippocratis
2005 2455 2068 2492 ed.

353 2517 478 2552 Littre
511 2516 572 2559 IV,
608 2519 699 2560 628;
734 2517 792 2552 ius
819 2517 1022 2552 iurandum
1049 2517 1441 2560 Heliastarum‚
1468 2516 1605 2551 Fran
1622 2516 1720 2561 kel,
1746 2516 1911 2551 Hermes
1937 2514 2066 2557 XXX,

353 2587 390 2622 p.
417 2578 495 2616 462.

403 2638 439 2679 3)
490 2635 537 2671 cf.
564 2635 668 2672 Ott.
694 2647 729 2671 o.
756 2636 778 2670 l.
805 2647 841 2682 p.
872 2636 1706 2682 12;Sch6m.-Lips,o.l.11‚p.275.

402 2702 438 2736 4)
477 2695 640 2730 Etiamsi
666 2700 773 2731 recte
799 2695 870 2730 Rh
885 2707 908 2731 ο
924 2696 948 2730 d
963 2706 996 2739 e,
1022 2695 1170 2742 Psyche
1187 2695 1201 2715 ²
1226 2707 1260 2742 p.
1280 2706 1334 2741 59.
1362 2695 1471 2740 „Von
1485 2695 1622 2742 irgend
1637 2696 1743 2730 einer
1757 2705 1916 2741 ganzen,
1930 2695 2067 2740 inquit,

356 2755 488 2791 Classe
514 2765 591 2790 von
617 2755 903 2799 Lasterhaften‚
931 2755 993 2790 die
1019 2755 1070 2790 im
1098 2755 1231 2790 Hades
1257 2754 1421 2790 bestraft
1448 2755 1618 2796 wiirden,
1645 2757 1760 2789 weiss
1787 2754 1849 2789 die
1873 2753 2068 2800 Dichtung

355 2825 432 2850 von
470 2815 540 2849 der
573 2814 812 2850 Hadesfahrt
837 2815 907 2850 des
933 2814 1135 2861 odysseus
1160 2815 1289 2850 nichts
1316 2840 1466 2850 .....
1473 2814 1492 2826 '’
1519 2824 1640 2860 reque
1667 2824 1759 2849 vera
1783 2813 1822 2848 Il.
1848 2813 1907 2857 111,
1934 2823 2003 2856 279
2027 2817 2069 2848 et

356 2874 461 2911 XIX.
501 2877 580 2915 260,
618 2874 682 2909 ubi
721 2874 884 2920 Erinyes
911 2885 1058 2920 poenas
1085 2874 1280 2924 soluturae
1307 2874 1488 2909 dicuntur
1513 2874 1755 2920 perIurorum
1781 2873 1965 2910 virorum.
1990 2872 2069 2908 sint

356 2933 540 2979 reliquiae
580 2934 775 2979 opinionis
813 2934 1116 2979 antiquissimae,
1155 2934 1240 2978 ipsa
1276 2938 1415 2971 aetate.
1450 2943 1528 2978 quo
1554 2932 1726 2967 carmina
1752 2931 2068 2973 conficiebantur,

358 2993 434 3028 iam
467 2993 624 3038 alienae,
652 2993 747 3028 satis
782 2998 936 3028 constat
963 2993 1103 3038 priscis
1129 2992 1371 3038 temporibus
1398 3002 1484 3026 eam
1510 2991 1629 3026 fuisse
1655 2991 1888 3037 opinionem.

406 3054 443 3096 5)
469 3052 517 3087 cf.
543 3053 581 3087 Il.
608 3052 667 3094 ΙΙΙ,
695 3063 786 3097 ²993
812 3052 855 3094 ΙΙ,
882 3063 973 3095 3393
999 3052 1061 3095 IV,
1092 3054 1179 3096 158;
1206 3051 1280 3088 Od.
1306 3051 1407 3095 XIV,
1436 3061 1514 3094 331.

406 3114 442 3152 6)
469 3111 518 3146 cf.
544 3111 783 3158 Stenge1,
810 3111 917 3147 Neue
944 3111 1071 3157 Jahrb.
1105 3121 1168 3154 ¹²7
1194 3121 1229 3156 p.
1258 3120 1348 3154 3773
1376 3130 1420 3135 -
1447 3110 1512 3146 Gr.
1539 3109 1742 3145 Kultusalt.
1769 3121 1807 3156 p.
1833 3119 1889 3153 79.

407 3171 442 3214 7)
468 3169 516 3205 cf.
542 3170 580 3205 Il.
607 3169 713 3214 XIX,
741 3179 809 3215 259
847 3170 1010 3217 Erinyes
1036 3170 1268 3216 supplicium
1295 3174 1451 3205 sumunt
1476 3170 1567 3204 Iove
1589 3174 1748 3205 auctore
1763 3168 2068 3211 cf.11.VI1‚4u;

358 3229 463 3274 XIX,
493 3239 580 3273 1073
607 3230 744 3273 XXIII,
771 3241 839 3273 4²3
866 3229 940 3265 Od.
966 3229 1071 3271 XIX,
1098 3240 1189 3273 303;
1217 3229 1266 3264 de
1293 3229 1430 3274 poenis
1456 3229 1551 3274 ipsis
1577 3228 1616 3263 Il.
1643 3229 1703 3270 III,
1731 3232 1821 3271 278;
1848 3227 1910 3270 IV,
1944 3230 2020 3262 161.
