2392 3750
1123 334 1172 375 81

290 465 487 518 impedit,
529 477 618 519 quo
662 464 805 506 minus
850 464 997 506 omnia
1038 465 1151 517 patri
1192 465 1373 517 aperiat.
1406 463 1583 507 Crimen
1614 470 1744 506 atrox
1774 464 2004 518 sustinere,

292 537 395 590 quin
427 535 558 577 etiam
592 541 780 576 mortem
813 535 936 576 obire
969 534 1147 586 mavult,
1181 549 1312 589 quam
1343 536 1478 577 fidem
1510 536 1657 577 datam
1691 549 1780 577 non
1813 549 2001 578 servare.

290 605 406 648 Sane
439 607 582 659 ipsum
614 607 919 656 iuramentum,
947 606 1067 660 quod
1099 607 1257 647 nutrici
1290 607 1425 658 dedit,
1459 620 1547 648 non
1580 607 1796 658 audimus,
1815 608 1894 649 sed
1911 608 2006 660 ipsa

291 677 399 718 haec
443 678 717 718 demonstrat
759 691 859 718 eum
901 677 1123 728 iuravisse‚
1167 679 1330 732 quippe
1362 692 1475 732 quae
1507 679 1658 729 verita,
1690 691 1747 720 ne
1779 680 2006 732 proposita

290 748 433 801 turpia
483 761 562 790 sua
616 747 778 790 revelet
829 762 892 789 vs.
944 748 1032 799 614
1074 749 1333 791 admoneat:
1378 745 1405 789 ὦ
1447 747 1592 796 τέκνον,
1635 746 1763 801 ὅρκους
1808 748 2006 799 μηδαμῶς

291 817 516 871 ἀτιμάσῃς.
548 819 694 860 Primo
720 819 888 861 iuvenis
914 819 1024 861 haec
1053 820 1268 873 promissa
1285 820 1565 875 neglecturus
1582 834 1682 862 esse
1698 821 1885 873 videtur,
1904 834 2004 862 nam

497 890 519 939 ἡ
551 892 718 940 γλῶσσ’,
753 891 1006 944 respondet,
1038 889 1230 942 ὀμώμοχ’
1264 892 1286 941 ἡ
1317 890 1359 932 δὲ
1390 891 1493 945 φρὴν
1522 890 1726 942 ἀνώμοτος
1752 891 1796 948 ¹),

291 962 369 1004 sed
386 976 494 1004 mox
510 963 623 1015 patri
639 960 745 1004 nihil
764 963 911 1004 dicere
929 975 1078 1004 secum
1099 964 1327 1005 constituit
1344 970 1388 1005 et
1407 964 1650 1005 iuramenta
1668 977 1758 1006 non
1777 963 1937 1005 violare
1955 962 2004 1016 2).

348 1034 407 1076 Ut
440 1034 707 1087 Hippolytus
739 1034 911 1086 nutrici,
944 1034 1003 1075 ita
1035 1034 1196 1076 chorus
1228 1035 1460 1088 pollicetur
1492 1035 1668 1091 reginae
1700 1048 1748 1076 se
1780 1034 1883 1076 nihil
1906 1048 2005 1088 pro-

290 1105 480 1147 diturum
499 1103 546 1156 ³),
580 1105 699 1160 quod
732 1107 998 1159 promissum
1030 1113 1189 1158 servat,
1223 1107 1327 1160 quin
1359 1120 1422 1148 vs.
1458 1107 1545 1157 804
1576 1106 1809 1148 mentitur:

675 1178 862 1217 τοσοῦτον
893 1177 1022 1227 ἴσμεν·
1055 1174 1147 1228 ἄρτι
1179 1174 1261 1227 γὰρ
1293 1175 1409 1226 κάγὼ
1445 1174 1588 1227 δόμους

675 1249 820 1296 Θησεῦ,
853 1245 1021 1299 πάρειμι
1054 1249 1127 1288 σῶν
1161 1250 1292 1290 κακῶν
1326 1246 1565 1300 πενθήτριοι.

289 1319 377 1361 Vix
411 1320 588 1374 quidem
622 1333 670 1361 se
702 1321 931 1362 continere
963 1326 1126 1373 potest,
1158 1321 1232 1362 ubi
1265 1327 1389 1373 pater
1419 1320 1555 1362 silium
1576 1321 1858 1363 innocentem
1876 1334 2003 1362 exse-

289 1397 435 1432 cratus
477 1397 557 1441 est,
602 1405 750 1447 regem
793 1387 901 1439 ἄναξ
941 1388 1142 1443 ἀπεύχου,
1191 1405 1390 1446 monens,
1433 1393 1570 1433 ταῦτα
1604 1391 1698 1444 πρὸς
1730 1389 1833 1433 θεῶν
1865 1391 2002 1434 πάλιν.

291 1460 434 1511 γνώσει
465 1460 548 1514 γὰρ
579 1457 704 1509 αὖθις
737 1461 989 1513 οὶμπλικκών.
1021 1461 1105 1513 ἐμοὶ
1139 1459 1263 1504 πιθοῦ
1282 1461 1331 1517 ⁴),
1365 1465 1443 1505 sed
1475 1477 1531 1505 ne
1562 1470 1668 1506 tunc
1700 1464 1877 1518 quidem
1911 1464 2004 1506 lon·

291 1534 388 1590 gius
420 1534 700 1589 progreditur
718 1532 762 1586 5).

347 1605 548 1647 Theseus
594 1607 869 1648 admonitum
918 1620 1006 1648 non
1053 1613 1188 1649 curat.
1241 1606 1306 1648 Ira
1353 1613 1558 1648 caecatus
1605 1606 1673 1647 οὐκ
1722 1605 1821 1654 ἔστι,
1870 1608 2003 1649 refert

286 1690 349 1718 vs.
384 1678 484 1729 893,
516 1675 583 1717 xx}
617 1675 712 1728 πρός
744 1680 786 1727 γ’
807 1675 927 1726 ἐξελῶ
960 1679 1044 1727 σφε
1075 1677 1199 1726 τῆσδε
1230 1682 1319 1727 γῆς.
1352 1678 1456 1720 Post
1489 1689 1769 1732 praesentem
1787 1678 2002 1721 allocutus

286 1748 590 1802 Hippolytum,
625 1749 752 1790 iterat
784 1751 924 1791 minas
958 1751 1059 1803 (958
1092 1749 1231 1804 sqq.):

642 1817 830 1868 τέθνηκεν
864 1818 947 1868 ἥδε·
979 1823 1094 1862 τοῦτο
1126 1823 1164 1861 σ’
1183 1818 1369 1862 ἐκσώσειν
1403 1819 1549 1876 δοκεῖς;

645 1893 683 1933 ὲν
716 1891 812 1944 τῷδ’
846 1891 1003 1933 ἁλίσκει
1030 1895 1236 1939 πλεῖστον,
1269 1889 1296 1933 ὦ
1328 1890 1493 1934 κάκιστε
1525 1890 1588 1933 σύ·

644 1967 745 2010 ποῖοι
777 1962 860 2015 γὰρ
893 1962 991 2015 ὅρκοι
1025 1963 1257 2015 κρείσσονες,
1289 1963 1394 2011 τίνες
1427 1962 1539 2014 λόγοι

641 2034 753 2083 τῆσδ’
787 2034 837 2076 ἄν
868 2035 1031 2085 γένοιντ’
1065 2033 1128 2083 ἄν,
1161 2033 1265 2077 ὥστε
1296 2039 1333 2077 σ’
1354 2034 1492 2077 αἰτίαν
1525 2039 1673 2090 φυγεῖν
1692 2034 1745 2092 ⁶).

337 2184 371 2224 1)
397 2181 445 2217 cf.
472 2192 496 2216 o
523 2181 545 2216 l.
573 2183 721 2216 vs.612.
749 2181 789 2216 111
805 2182 931 2217 varias
947 2182 1241 2218 Atheniensium
1258 2183 1319 2218 hic
1336 2193 1471 2219 versus
1485 2184 1648 2219 incurrit
1664 2184 2001 2230 reprehensiones,

285 2241 376 2287 quin
417 2247 559 2287 poetae
597 2241 710 2276 huius
747 2242 966 2277 sententiae
989 2251 1108 2277 causa
1136 2243 1184 2277 ab
1210 2243 1466 2289 Hygiaenone
1493 2243 1663 2289 quodam
1690 2245 1886 2279 obiectam
1913 2255 2000 2279 esse

284 2300 441 2334 ἀσιθιίαν
479 2300 711 2336 Aristoteles
746 2306 877 2336 narrat
903 2301 1025 2352 Rhet5
1046 2301 1105 2341 111,
1139 2312 1177 2346 ¹5
1207 2312 1241 2346 p.
1275 2305 1363 2344 ¹416
1389 2313 1421 2337 a.
1451 2313 1504 2346 29.
1533 2302 1818 2349 Aristophanes
1843 2314 2001 2350 quoque

286 2360 437 2396 facetiis
471 2361 624 2396 acerbis
650 2361 698 2395 iis
724 2359 896 2406 pluribus
922 2360 1018 2396 locis
1045 2360 1172 2396 illusit.
1201 2361 1371 2403 (Thesm.
1401 2372 1492 2407 275;
1529 2362 1624 2398 Ran.
1655 2373 1731 2408 101,
1763 2363 1876 2409 1471).
1909 2363 2001 2399 Post

285 2420 507 2456 accuratius
534 2420 834 2466 perpendemus,
861 2426 987 2456 utrum
1016 2420 1124 2456 hisce
1150 2422 1280 2456 verbis
1304 2432 1441 2457 revera
1468 2427 1586 2468 poeta
1611 2427 1724 2469 turpe
1737 2423 1832 2470 quid
1846 2423 2001 2459 dixerit.

332 2479 369 2526 2)
394 2480 442 2515 cs.
470 2491 505 2515 o.
532 2479 553 2515 1.
579 2491 636 2515 vs.
661 2482 731 2525 657
758 2491 844 2526 sqq.

333 2541 367 2583 3)
393 2538 442 2575 cf.
463 2550 498 2575 0.
524 2539 546 2574 l.
571 2551 627 2576 vs.
654 2549 744 2583 713:
771 2538 890 2581 ’ὄμνυμι
905 2568 912 2576 .
929 2566 936 2574 .
951 2566 959 2575 .
976 2568 983 2576 .
998 2540 1097 2583 μηδὲν
1122 2544 1227 2573 κακῶν
1254 2544 1316 2573 σῶν
1341 2541 1384 2578 εἷς
1409 2540 1493 2583 φάος
1518 2540 1632 2582 δείξειν
1657 2541 1751 2575 ποτέ.

331 2600 366 2644 4)
392 2598 439 2635 cs.
465 2611 502 2636 o.
528 2599 549 2636 1.
574 2611 630 2635 vs.
658 2602 722 2643 89¹
754 2611 840 2646 sqq.

334 2663 370 2704 5)
396 2658 498 2695 Satis
540 2660 594 2694 ita
632 2659 878 2704 intellegitur,
906 2669 975 2695 cur
1000 2666 1131 2696 taceat
1158 2661 1302 2696 chorus
1330 2662 1534 2707 minusque
1561 2667 1668 2697 recte
1695 2662 1787 2698 mihi
1813 2661 2002 2699 Christ

284 2718 353 2754 ο.1.
370 2717 402 2753 1⁶
423 2730 458 2764 p.
475 2729 555 2762 3⁴2.
582 2719 626 2756 A.
654 2729 673 2754 2
700 2719 910 2755 observare
938 2720 1114 2755 videtur:
1140 2720 1503 2763 „Bemerkenswert
1535 2722 1584 2756 ist
1610 2722 1792 2768 iibrigens
1818 2722 1881 2757 die
1908 2722 2001 2758 voll-

283 2778 461 2824 standige
502 2777 705 2814 Passivitfit
743 2778 813 2814 des
840 2778 977 2824 Chors‚
1013 2779 1083 2814 der
1111 2781 1150 2826 ja
1176 2780 1238 2815 die
1265 2780 1473 2827 Vorgange
1501 2781 1694 2816 zwischen
1722 2781 1896 2816 Phaedra
1922 2781 2000 2817 und

284 2836 517 2884 Hippolytos
544 2837 612 2872 mit
638 2838 860 2883 angesehen
886 2838 953 2874 hat
980 2839 1057 2874 und
1084 2850 1154 2874 nur
1177 2851 1222 2875 zu
1239 2840 1357 2875 reden
1373 2840 1562 2875 brauchte
1577 2851 1640 2875 um
1656 2840 1718 2876 die
1733 2841 1999 2887 Katastrophe

281 2907 327 2931 zu
362 2896 605 2937 verbinderm
644 2897 715 2932 der
751 2899 851 2933 auch
891 2909 966 2934 von
1006 2898 1240 2946 Hippolytus
1269 2900 1306 2934 in
1333 2899 1461 2934 seiner
1487 2899 1565 2935 Not
1595 2910 1686 2943 ¹07⁴
1716 2899 1753 2937 ff.
1780 2900 1888 2936 nicht
1914 2911 1998 2936 zum

286 2954 438 3002 Zeugen
465 2954 676 3001 angerusen
702 2955 809 2992 wird.

332 3017 370 3058 6)
394 3013 492 3052 τῆσδ’
513 3017 593 3058 961.
621 3015 867 3063 Hartung
892 3016 1098 3063 legendum
1126 3028 1212 3053 esse
1241 3022 1352 3063 putat
1378 3017 1501 3060 ψυχῆς,
1529 3018 1575 3054 W
1591 3029 1611 3054 e
1628 3018 1662 3053 il
1690 3020 1796 3060 νεκροῦ
1809 3029 1881 3065 pro
1905 3017 2000 3056 τῆσδ’

285 3073 334 3110 ἄν.
361 3074 444 3110 We
460 3074 543 3110 ckl
560 3075 669 3110 ein:
704 3077 765 3108 τοῦ
801 3074 830 3108 δ’
855 3074 893 3108 ἄν
932 3077 972 3116 (i.
987 3087 1018 3112 e.
1046 3081 1107 3110 τοῦ
1131 3077 1317 3114 τεθνηκέναι
1343 3075 1451 3115 τήνδε)
1478 3078 1562 3113 Non
1590 3078 1757 3114 arbitror
1784 3079 1998 3114 mutatione

283 3144 383 3180 opus
422 3143 520 3169 esse.
558 3132 734 3170 Theseus
773 3134 904 3171 dicere
932 3135 1011 3171 vult
1035 3135 1135 3172 nulla
1161 3137 1376 3172 iuramenta
1404 3137 1550 3172 maiora
1575 3147 1675 3181 esse,
1702 3138 1787 3183 plus
1813 3138 1999 3184 ponderis

284 3193 357 3228 sibi
395 3193 539 3228 habere
577 3203 692 3239 quam
732 3195 879 3231 crimen
918 3195 1052 3231 uxoris
1092 3201 1278 3238 mortuae,
1318 3206 1434 3242 quam
1474 3202 1602 3232 tamen
1630 3197 1720 3243 quia
1749 3202 1838 3233 ante
1864 3197 1999 3233 oculos

283 3251 413 3295 habet,
438 3252 609 3288 breviter
635 3252 753 3296 dieit;
781 3264 921 3300 „quam
948 3254 1083 3300 hanc”,
1110 3265 1195 3291 eam
1225 3254 1387 3291 fortasse
1414 3261 1644 3292 monstrans.

1832 3330 1855 3363 6
