2326 3718
1192 283 1248 334 98

362 414 441 456 niti
483 415 526 455 in
565 414 654 455 vita
695 419 738 455 et
781 412 977 455 moribus
1020 412 1127 463 eius,
1161 412 1235 465 qui
1268 413 1486 455 iuraverit.
1518 413 1618 456 Duo
1650 414 1903 456 testimonia
1935 415 1972 456 si
2002 428 2080 469 op·

364 491 599 540 ponuntur,
649 497 762 538 quae
810 484 926 525 idem
976 484 1159 535 valeant,
1208 497 1392 526 necesse
1440 491 1507 526 est
1554 485 1639 527 alio
1683 486 1818 528 modo
1850 487 2080 528 veritatem

363 557 512 610 quaeri
544 570 625 598 nec
659 556 839 597 omnino
867 555 1016 610 generi
1033 556 1387 598 testimoniorum
1406 556 1490 598 hoc
1507 558 1741 610 obtrectat,
1774 558 1938 611 quippe
1954 570 2080 611 quae,

364 629 562 681 quamvis
606 640 777 683 magna,
829 633 1034 668 maneant
1082 627 1284 669 humana.
1334 627 1461 669 Falsa
1502 641 1600 670 esse
1642 635 1840 682 possunt,
1883 629 1926 671 id
1962 629 2083 684 quod

363 713 545 741 necesse
577 706 644 741 est
676 699 761 740 hoc
794 698 904 740 loco.

424 771 577 813 Restat
624 776 673 812 ut
715 770 983 823 inquiramus
1025 771 1272 812 doceantne
1317 785 1361 812 re
1395 784 1496 812 vera
1539 772 1691 826 tragici
1728 772 1952 827 indignum
1986 784 2082 813 esse

364 844 429 884 ius
472 843 702 885 iurandum
744 842 838 882 viro
881 841 1053 884 Graeco
1092 841 1226 884 nobili
1259 848 1302 883 et
1336 843 1509 894 deinde,
1547 850 1694 885 utrum
1726 841 1970 896 Sophocles
2001 842 2083 885 hac

364 915 407 955 in
440 928 486 956 re
518 914 694 956 differat
727 916 783 956 ab
816 914 1041 967 Euripide.

423 986 468 1028 P.
518 997 611 1037 113.
656 986 826 1027 Hirzel:
874 984 1029 1036 „Noch
1075 986 1242 1037 immet,
1288 986 1441 1039 inquit,
1487 986 1543 1027 ist
1576 986 1895 1028 riicksichtlose
1926 985 2079 1028 Wahr-

363 1059 594 1113 haftigkeit
631 1056 659 1111 ¹)
693 1060 762 1100 ein
793 1058 1104 1099 Kennzeichen
1122 1058 1281 1099 stolzer
1298 1057 1494 1099 Naturen
1513 1056 1545 1111 2)
1576 1059 1807 1114 gewesen'’
1837 1065 1881 1100 et
1898 1058 2084 1112 deinde:

367 1130 499 1183 „Man
547 1131 657 1185 frug,
702 1131 760 1172 ob
803 1143 851 1171 es
893 1129 986 1170 sich
1034 1130 1115 1171 mit
1162 1130 1240 1171 der
1287 1130 1614 1171 menschlichen
1660 1129 1829 1171 Wiirde
1871 1130 2084 1186 vereinigt

364 1206 440 1251 (sc.
475 1201 650 1256 iurare).
684 1202 794 1243 Item
826 1214 868 1255 p.
910 1211 1014 1252 133:
1050 1200 1169 1253 „Der
1201 1201 1298 1243 edle
1331 1201 1438 1243 Sinn
1472 1202 1550 1243 des
1571 1201 1821 1255 Sophokles
1836 1201 1975 1243 wehrt
1991 1201 2084 1243 sich

365 1287 507 1330 gegen
553 1274 639 1315 den
686 1273 771 1315 Eid
814 1273 876 1314 als
919 1273 1047 1314 einen
1091 1273 1376 1328 unwiirdigen
1419 1272 1759 1328 Geisteszwang,
1792 1273 1870 1314 der
1901 1286 1984 1315 nur
2017 1273 2086 1314 fiir

365 1347 567 1401 gemeIne
599 1344 841 1386 Menschen
874 1345 963 1386 und
996 1344 1191 1386 allenfals
1219 1345 1287 1386 fiir
1304 1344 1454 1386 solche
1471 1351 1609 1401 taugt,
1628 1345 1699 1386 die
1716 1345 1859 1386 einem
1877 1344 2085 1386 Hsheren

364 1418 617 1472 gegeniiber
650 1416 848 1467 stehen'’,
885 1422 949 1457 et:
987 1416 1105 1467 „Der
1137 1416 1221 1457 Eid
1254 1416 1452 1462 erschien
1485 1416 1547 1457 als
1579 1417 1677 1458 eine
1694 1417 1904 1471 unnotige
1922 1415 2087 1457 Tortur

365 1489 444 1530 des
477 1488 647 1530 Freien.
679 1488 728 1542 Je
761 1487 1089 1542 unabhangiger
1126 1487 1259 1529 Einer
1292 1501 1391 1538 war,
1423 1488 1467 1542 je
1501 1488 1637 1530 hoher
1669 1501 1715 1529 er
1747 1488 1890 1539 stand,
1936 1488 2084 1529 desto-

366 1560 490 1601 mehr
522 1560 668 1601 lehnte
702 1574 748 1600 er
781 1559 874 1600 sich
902 1560 982 1600 auf
1009 1572 1152 1614 gegen
1185 1560 1364 1601 solchen
1397 1560 1558 1615 Zwang
1589 1559 1651 1601 als
1683 1573 1824 1615 gegen
1857 1560 1954 1601 eine
1975 1558 2084 1600 Rest

366 1646 452 1674 von
498 1631 735 1674 Sklaverei.
785 1628 1034 1684 Sophokles
1082 1631 1158 1672 hat
1203 1631 1298 1672 dies
1345 1631 1457 1673 nach
1505 1632 1665 1673 beiden
1711 1631 1861 1673 Seiten
1903 1644 1956 1672 zu
1997 1630 2086 1672 sein

366 1702 742 1744 charakterisiert:
779 1701 858 1742 der
888 1701 1090 1755 gemeine
1122 1701 1269 1751 Mann,
1301 1703 1382 1742 wie
1415 1701 1488 1742 ihn
1520 1702 1591 1742 die
1624 1701 1835 1743 Wachter
1867 1702 1945 1743 der
1962 1700 2087 1743 Anti-

366 1787 481 1829 gone
514 1773 849 1827 reprasentirem
883 1772 939 1814 ist
970 1773 1101 1814 leicht
1132 1774 1211 1814 mit
1245 1774 1388 1814 einem
1420 1772 1603 1815 Schwur
1634 1774 1705 1814 bei
1733 1773 1811 1814 der
1835 1772 1966 1814 Hand
1986 1803 1996 1813 .
2015 1806 2024 1815 .
2046 1803 2054 1812 .
2077 1803 2086 1813 .

365 1847 564 1901 dagegen
625 1846 790 1895 Kreon,
854 1844 1055 1886 Theseus
1117 1845 1206 1886 und
1268 1844 1587 1898 Neoptolemos
1644 1845 1871 1886 schworen
1918 1844 2083 1886 diesem

365 1918 528 1959 nicht.’'

426 1990 571 2031 Minus
604 1995 724 2030 recte
755 1988 945 2043 tragicos
978 1987 1153 2030 laudare
1188 1988 1292 2029 mihi
1325 1987 1470 2029 Hirzel
1503 1988 1674 2029 videtur
1705 1988 1761 2029 ad
1794 1987 2084 2040 comproban-

367 2063 468 2104 dam
500 2074 624 2103 suam
656 2060 920 2114 opinionem.

434 2132 485 2174 1⁰.
519 2133 654 2186 Apud
685 2131 955 2185 Aeschylum
984 2129 1017 2180 ⁸)
1049 2132 1231 2186 legimus
1263 2132 1396 2172 etiam
1429 2132 1538 2172 deos
1570 2131 1724 2182 iurare,
1756 2144 1838 2172 nec
1865 2130 2084 2187 intellego,

420 2324 451 2366 ι)
479 2323 527 2358 cf.
555 2323 604 2358 de
630 2322 768 2357 eadem
795 2332 837 2357 re
864 2332 900 2367 p.
931 2325 1007 2358 118.

417 2385 452 2425 2)
478 2382 525 2420 cs.
558 2383 606 2418 de
641 2393 701 2427 eo,
740 2382 847 2427 quod
885 2382 1013 2416 Hirzel
1053 2393 1088 2427 p.
1129 2392 1192 2416 112
1230 2381 1347 2416 dicit:
1386 2381 1472 2416 eine
1500 2381 1620 2416 stolze
1648 2380 1781 2424 Moral,
1807 2381 1870 2416 die
1895 2380 1962 2416 ihn
1987 2379 2086 2416 stolz

369 2443 537 2478 dariiber
563 2442 653 2486 (den
679 2441 767 2486 Eid)
794 2442 931 2477 hinaus
957 2442 1058 2477 hob:
1086 2441 1264 2487 Nagelsb.
1294 2441 1441 2476 Nachh.
1468 2440 1602 2476 Theoi.
1630 2451 1665 2486 p.
1693 2451 1761 2483 322
1787 2451 1873 2486 sqq.

416 2502 560 2547 Nes-tle,
587 2501 650 2537 die
677 2501 913 2538 Weltansch.
941 2501 1011 2536 des
1037 2501 1169 2536 Aisch.
1197 2501 1303 2536 Neue
1329 2501 1458 2546 Jahrb.
1486 2500 1545 2535 fiir
1571 2501 1642 2536 das
1668 2500 1784 2536 klass.
1811 2499 2085 2543 Alterth.19o7

369 2562 411 2597 ΙΙ.
438 2573 474 2608 p.
502 2572 570 2605 240
595 2572 681 2607 sqq.
708 2572 867 2607 prorsus
894 2561 998 2596 aliud
1024 2560 1258 2604 Aeschylum
1285 2560 1468 2596 docuisse
1494 2560 1755 2595 demonstrat:

416 2621 539 2657 Penes
565 2621 696 2657 Iovem
723 2621 848 2656 omnis
876 2626 936 2656 est
963 2626 1139 2666 potestas
1165 2619 1228 2664 (cf.
1255 2620 1325 2666 Ag.
1357 2622 1454 2663 170),
1481 2624 1541 2655 est
1568 2620 1664 2656 deus
1678 2631 1850 2655 summus
1864 2619 1989 2665 (Eum.
2004 2622 2085 2665 852,

370 2681 459 2716 Hik.
486 2683 571 2724 828)
597 2682 663 2727 qui
690 2680 818 2716 multis
845 2681 970 2715 modis
995 2680 1201 2722 indicatur,
1229 2680 1370 2726 cuique
1397 2679 1588 2725 permulta
1613 2686 1703 2716 sunt
1728 2680 1895 2716 nomina.

418 2741 535 2776 Homo
559 2743 688 2776 contra
714 2741 827 2776 nihili
847 2743 1006 2776 ducitur.
1033 2740 1104 2775 Est
1129 2738 1304 2782 ἒφῄμερσςῑ
1330 2739 1453 2775 Prom.
1482 2742 1538 2785 83,
1566 2743 1644 2783 269,
1672 2742 1751 2785 563.

1133 2799 1301 2841 ἱσόνειροςε
1328 2799 1452 2835 Prom.
1481 2802 1549 2844 566
1575 2802 1715 2838 (καπνοῦ
1739 2799 1820 2832 σκιά
1845 2800 1890 2835 fr.
1916 2803 2002 2844 399)

1183 2859 1247 2905 (cf.
1276 2859 1386 2894 Pind.
1413 2859 1509 2906 Pyth
1536 2859 1631 2904 VIII,
1663 2859 1744 2906 136)
1772 2860 1843 2907 Ag.
1878 2869 1977 2903 1327.

419 2919 517 2955 Nulli
543 2920 579 2954 ei
605 2924 665 2955 est
690 2920 766 2954 vis:
794 2919 837 2954 fr.
869 2929 944 2964 159-
971 2919 1086 2954 Errat
1112 2918 1254 2965 saepe:
1281 2920 1350 2965 Ag.
1379 2928 1471 2964 553;
1497 2919 1672 2965 Choeph.
1704 2922 1803 2962 1118,
1830 2919 1874 2955 sr.
1901 2931 1980 2964 39¹-

419 2979 617 3025 Quicquid
642 2980 734 3015 boni
760 2983 820 3015 est
846 2980 883 3014 in
909 2984 1023 3021 terra,
1048 2990 1070 3014 a
1096 2980 1170 3014 diis
1185 2979 1316 3014 datum
1332 2987 1415 3014 est:
1442 2979 1549 3025 Sept.
1565 2979 1651 3014 adv.
1666 2979 1776 3014 Theb
1801 2981 1892 3023 612;
1918 2980 2083 3026 Ag.918.

420 3039 564 3075 Omnes
592 3050 696 3074 mors
723 3044 874 3074 manet:
904 3038 946 3074 fr.
978 3041 1052 3082 161,
1080 3039 1190 3074 Eum.
1217 3041 1297 3083 651.

420 3099 587 3134 Peccare
626 3099 792 3134 hominis
832 3099 1032 3144 proprium
1071 3104 1131 3134 est
1168 3098 1216 3134 cf.
1254 3098 1373 3144 Soph.
1408 3098 1535 3145 Antig.
1578 3110 1665 3142 1024
1705 3098 1808 3143 (Eur.
1849 3098 1964 3144 Hipp.
1990 3101 2086 3143 6103

373 3158 493 3193 Thuc.
522 3159 580 3200 ΙΙΙ,
607 3168 663 3203 45,
691 3161 728 3202 3)
753 3163 959 3204 praeterea
984 3159 1162 3205 Nagelsb.
1189 3158 1335 3194 Nachh.
1362 3158 1496 3194 Theol.
1524 3169 1560 3204 p.
1588 3169 1667 3202 3²3-

422 3216 457 3263 3)
483 3217 531 3253 cs.
558 3218 699 3254 Aesch.
727 3219 861 3265 Agam.
892 3221 992 3262 ¹283·
