2392 3750
1092 316 1147 357 93

322 438 457 480 Hisce
503 437 559 478 de
606 437 709 478 iuris
755 436 925 478 iurandi
967 441 1122 478 natura
1166 441 1211 476 et
1248 448 1395 476 merae
1426 435 1729 477 affirmationis
1762 435 1979 489 expositis

263 510 472 564 sequitur,
517 516 564 551 ut
608 523 672 559 ea,
718 523 830 563 quae
872 507 1038 549 Hirzel:
1081 506 1210 558 „Wie
1257 508 1328 548 die
1375 506 1513 562 Liige,
1560 507 1715 561 inquit,
1763 507 1980 548 slechthin

261 580 526 622 verwerflich
568 595 669 632 war,
717 594 768 622 so
815 580 942 622 sollte
989 580 1067 621 das
1115 578 1264 620 blosze
1308 579 1437 620 Wort
1474 579 1554 620 des
1586 578 1858 620 naturlichen
1889 579 1979 620 und

262 651 527 693 rechtlichen
560 652 802 693 Menschen
834 650 994 707 gelten.
1028 650 1116 691 Fiir
1151 650 1236 691 den
1256 650 1340 691 Eid
1357 663 1445 691 war
1461 649 1669 691 hiernach
1686 649 1787 690 kein
1806 649 1979 690 rechter

260 722 378 764 Platz
410 723 578 775 mehr‚’‘
611 736 700 764 non
733 722 1062 775 comprobanda
1082 722 1181 762 sint.
1216 720 1428 774 Quamvis
1447 720 1615 762 colatur
1637 721 1759 771 fides,
1779 722 1978 774 quamvis

260 795 440 836 maximi
472 795 741 846 aestimetur,
775 795 830 835 ad
861 795 927 835 ius
959 793 1188 835 iurandum
1215 791 1319 833 nihil
1337 793 1421 834 hoc
1438 793 1641 845 pertinet.
1675 791 1814 834 Suum
1832 792 1976 833 locum

258 873 382 918 tenet
429 879 596 920 suaque
638 866 877 907 auctoritas
926 865 966 906 ei
998 871 1161 906 manet.
1194 863 1361 905 Natura
1392 864 1582 905 humana
1613 863 1669 904 ad
1701 863 1976 916 peccandum

259 950 479 991 propensa
522 945 602 986 est,
647 950 760 991 quae
802 937 919 986 facit,
965 942 1013 977 ut
1053 935 1219 976 homini
1251 936 1384 976 verba
1415 934 1508 975 sola
1539 948 1628 975 non
1661 934 1895 982 sufficiant,
1929 941 1976 975 ut

258 1021 371 1062 opus
402 1009 442 1049 ei
474 1010 529 1050 sit
562 1009 853 1049 affirmatione
886 1007 1064 1058 maiore,
1098 1020 1211 1061 quae
1230 1019 1318 1047 non
1341 1008 1383 1047 in
1399 1006 1577 1047 homine
1595 1005 1728 1047 debili
1751 1003 1780 1059 ¹)
1798 1006 1975 1055 nitatur,

257 1081 337 1121 sed
369 1080 411 1120 in
448 1080 737 1121 fundamento
771 1092 952 1132 prorsus
984 1084 1121 1129 certo,
1156 1078 1197 1119 in
1230 1078 1332 1119 deo.

315 1150 525 1205 Sequitur
567 1151 709 1192 solum
743 1158 792 1192 ut
826 1151 969 1192 minus
1001 1150 1273 1191 adhibeatur.
1307 1149 1394 1192 Ubi
1426 1149 1482 1190 de
1514 1150 1699 1190 veritate
1730 1162 1818 1190 non
1851 1149 1975 1190 dubi-

255 1228 386 1273 tatur,
418 1223 510 1263 iure
543 1223 726 1264 iurando
758 1235 847 1263 non
881 1223 962 1263 erit
995 1234 1120 1275 opus.
1152 1220 1384 1263 Summum
1418 1221 1722 1262 testimonium
1739 1234 1828 1262 non
1846 1221 1974 1262 datur

255 1295 337 1335 nisi
379 1295 645 1349 gravissimis
687 1294 974 1347 temporibus,
1008 1300 1114 1335 tunc
1146 1293 1302 1346 solum,
1335 1306 1434 1335 cum
1469 1306 1587 1334 mera
1618 1293 1853 1334 affirmatio
1885 1305 1974 1333 non

255 1365 418 1407 sufficit
465 1366 583 1406 velut
629 1366 671 1406 in
719 1365 912 1406 ineundo
959 1365 1231 1420 magistratu,
1275 1377 1407 1418 quem
1449 1365 1563 1406 bene
1605 1365 1697 1419 geri
1743 1364 1879 1404 totius
1912 1364 1973 1404 rei

254 1437 455 1490 publicae
496 1437 680 1490 intersit,
724 1437 792 1478 vel
834 1437 877 1478 in
920 1437 1095 1480 iudicio.
1129 1436 1203 1478 ubi
1234 1436 1324 1477 vita
1355 1436 1542 1477 fortasse
1575 1449 1632 1477 ex
1665 1436 1757 1476 iure
1789 1435 1972 1476 iurando

253 1509 458 1561 pendeat.

313 1579 429 1621 Inter
471 1580 671 1621 homines
713 1580 907 1633 privatos
949 1586 1102 1621 contra
1142 1592 1242 1621 raro
1283 1580 1375 1621 iure
1416 1579 1600 1621 iurando
1632 1579 1714 1620 erit
1745 1591 1857 1631 opus
1889 1591 1971 1619 nec

252 1652 405 1692 iniuria
451 1649 744 1704 Quintilianus
762 1649 819 1704 ²):
869 1652 941 1702 „in
989 1657 1147 1703 totum,
1195 1651 1352 1705 inquit,
1399 1651 1483 1692 nisi
1530 1651 1603 1692 ubi
1651 1662 1835 1691 necesse
1888 1657 1968 1700 est,

251 1723 371 1777 gravi
418 1723 511 1764 viro
557 1736 711 1775 parurn
758 1723 978 1764 convenit.
1040 1722 1107 1764 Ne
1154 1722 1275 1775 plura
1323 1722 1519 1775 afferam,
1567 1722 1603 1762 si
1645 1721 1811 1763 nullum
1853 1721 1969 1762 aliud

251 1794 568 1836 documentum
601 1795 656 1835 sit
691 1794 806 1847 fidei,
841 1796 876 1835 si
909 1795 1006 1848 quis
1038 1793 1157 1835 nullo
1190 1793 1274 1835 alio
1307 1794 1442 1835 modo
1474 1794 1756 1834 innocentem
1789 1806 1837 1834 se
1870 1805 1968 1834 esse

251 1867 438 1919 probare
485 1867 625 1919 possit
657 1864 705 1919 ³),
754 1871 871 1907 recte
918 1865 1163 1916 adhibetur,
1212 1865 1330 1907 velut
1371 1866 1414 1906 in
1446 1865 1674 1920 tragoedia
1704 1864 1967 1918 Sophoclea,

251 1936 479 1991 „Oedipus
528 1939 767 1990 tyrannus''
800 1938 874 1991 qui
907 1938 1168 1988 inscribitur,
1212 1936 1326 1979 Creo
1358 1938 1602 1978 iuramento
1635 1935 1878 1987 confirmat,
1919 1949 1968 1976 se

249 2008 353 2049 nihil
384 2016 539 2051 contra
570 2022 718 2065 regem
750 2009 980 2051 admisisse
997 2006 1048 2064 ⁴).

308 2079 456 2136 Vulgo
487 2081 730 2123 satisfaciet
763 2082 1043 2134 promissum,
1075 2094 1187 2133 opus
1206 2094 1295 2122 non
1313 2081 1393 2122 erit
1411 2082 1609 2136 graviore
1626 2080 1964 2122 asseveratione.

249 2151 461 2194 Diffidere
508 2153 636 2194 alicui
676 2154 758 2194 nisi
801 2159 922 2194 certa
963 2153 1018 2194 de
1052 2165 1195 2205 causa,
1228 2152 1308 2193 viri
1340 2152 1514 2194 honesti
1546 2165 1635 2193 non
1669 2158 1735 2192 est
1767 2152 1966 2192 minime·

250 2237 335 2277 que
379 2225 456 2265 viri
499 2223 670 2274 Graeci,
720 2225 789 2265 cui
839 2224 1144 2279 „Wahrhaftig
1175 2237 1227 2264 zu
1261 2223 1367 2272 sein,
1401 2224 1542 2277 inquit
1574 2222 1766 2264 Lasaulx
1784 2220 1817 2270 5)
1849 2236 1890 2263 ο.
1924 2223 1968 2274 l.,

249 2295 307 2336 im
354 2295 540 2337 Denken
571 2296 662 2337 und
694 2295 896 2337 Handeln
929 2295 992 2336 als
1020 2302 1164 2354 verstes
1197 2294 1344 2336 Gebot
1375 2294 1481 2336 aller
1506 2295 1665 2336 echten
1697 2293 1964 2336 Sittlichkeit

247 2367 379 2422 galt.''
422 2367 491 2409 Nil
539 2368 696 2409 mirum
729 2367 858 2423 igitur
891 2366 1125 2420 Oedipoda
1157 2367 1381 2408 Theseum
1415 2368 1458 2408 in
1490 2367 1728 2422 tragoedia,
1764 2365 1964 2420 Oedipus

248 2437 470 2481 Coloneus
511 2440 586 2493 qui
628 2439 800 2494 dicitur,
830 2440 896 2480 ius
928 2439 1158 2480 iurandum
1190 2451 1278 2479 non
1310 2438 1487 2493 adigere
1505 2434 1538 2491 ⁶)
1571 2451 1716 2492 exque
1749 2451 1963 2491 responso

247 2510 362 2565 regis
379 2516 560 2563 apparet
577 2524 722 2565 neque
739 2523 840 2552 eum
859 2511 1155 2551 necessarium
1174 2510 1336 2551 habere
1354 2510 1661 2551 iuramentum.
1695 2509 1962 2551 Promissum

246 2581 515 2623 sufficiebat:
550 2582 665 2624 nulla
696 2582 928 2624 diffidendi
960 2587 1053 2623 erat
1085 2594 1228 2623 causa.
1274 2579 1376 2633 Quo
1409 2581 1543 2623 modo
1575 2594 1632 2622 ex
1664 2580 1785 2622 hisce
1817 2581 1962 2622 verbis

298 2757 332 2794 ι)
358 2752 406 2789 cf.
433 2764 458 2799 p
497 2755 553 2798 98,
581 2764 612 2789 2.

293 2815 328 2855 2)
355 2812 403 2848 cf.
430 2812 520 2849 Inst
547 2812 612 2850 Or.
641 2813 710 2859 lx,
736 2824 767 2855 2,
794 2815 850 2857 98.

294 2871 329 2917 3)
356 2872 402 2907 ci.
442 2872 546 2910 Calv.
583 2872 705 2910 Instit.
732 2873 774 2915 11,
802 2872 895 2915 V111,
923 2883 990 2916 23:
1026 2872 1100 2908 Ubi
1126 2873 1227 2908 enim
1255 2873 1395 2907 desunt
1422 2871 1619 2908 hominurn
1647 2871 1882 2916 testimonia,
1909 2872 1958 2907 ad

246 2931 371 2968 Deum
397 2936 539 2968 testem
566 2932 800 2979 refugimus:
828 2942 874 2968 ac
901 2933 1143 2978 praesertim,
1170 2932 1235 2968 ubi
1262 2931 1566 2967 asseverendum
1594 2935 1664 2974 est,
1692 2932 1799 2978 quod
1813 2933 1851 2967 in
1866 2941 1958 2968 con-

244 2991 409 3027 scientia
434 2991 528 3027 latet
554 2991 601 3027 cf.
629 2997 835 3038 praeterea
860 2991 956 3034 VIII,
983 3002 1040 3036 27.

292 3054 328 3094 4)
354 3051 403 3087 cf.
430 3050 549 3098 Soph.
575 3050 622 3087 O.
649 3051 692 3088 R.
718 3054 798 3095 ⁶⁴⁴-

293 3111 328 3157 5)
355 3111 408 3147 cf.
446 3110 614 3147 Lasaulx
653 3122 688 3147 o.
715 3111 724 3146 l
763 3122 799 3158 p.
831 3123 867 3156 ι;
896 3111 1005 3147 Stob.
1045 3110 1142 3147 Flor.
1182 3111 1235 3146 XI
1274 3121 1306 3156 7,
1345 3112 1378 3151 8.
1416 3121 1451 3155 9.
1483 3121 1534 3153 ιι,
1567 3122 1618 3154 12,
1650 3121 1702 3155 ¹⁴,
1733 3114 1787 3154 18,
1814 3122 1869 3154 20,
1900 3122 1956 3154 21,

245 3181 302 3213 22.
328 3181 385 3215 2³,
411 3172 467 3213 2⁶.
495 3180 550 3215 2⁷.
579 3173 634 3212 28.
661 3180 719 3214 32,
745 3180 801 3214 33.
829 3181 892 3214 ³⁴;
921 3170 1002 3213 ΧΠ,
1033 3181 1061 3213 ι,
1089 3181 1120 3214 3,
1147 3183 1179 3213 ⁴.
1211 3181 1262 3214 1³.
1294 3181 1345 3214 ¹⁴.
1378 3179 1428 3215 ¹5.
1459 3174 1512 3207 ¹8-

290 3229 328 3277 6)
354 3230 403 3265 cf.
428 3241 483 3266 vs.
510 3233 589 3276 650.
