2392 3750
1294 299 1348 344 50

465 436 593 466 suum
626 423 737 465 iurat
768 422 813 465 Il.
852 422 880 463 1.
918 432 1000 473 232
1035 422 1114 463 sed
1146 421 1295 463 Iovem
1327 422 1458 464 etiam
1503 429 1692 465 testatur
1722 421 1766 479 ¹).
1830 423 1986 478 Neque
2022 426 2180 470 mirum

465 496 595 550 igitur
641 495 723 536 Dei
787 494 1110 536 contestatione
1174 499 1275 547 post
1322 494 1486 535 omissa
1533 507 1625 536 rem
1672 496 1919 538 invocatam
1952 498 2178 540 mansisse.

464 567 551 608 Res
583 566 701 607 velut
732 567 903 620 signum
936 571 1029 606 erat
1062 578 1233 617 poenae
1265 565 1453 606 divinae.

524 638 656 692 Apud
688 638 878 692 tragicos
910 648 1177 689 quamquam
1210 637 1327 678 idem
1363 637 1405 678 in
1438 637 1529 678 iure
1559 637 1742 679 iurando
1784 651 1873 680 non
1907 639 1969 690 fit,
2002 641 2045 682 in
2077 654 2178 695 sup-

465 709 771 763 plicationibus
804 715 951 749 tamen
989 709 1164 761 saepius
1210 715 1411 761 apparet.
1476 708 1542 750 Ita
1590 709 1674 765 Ag.
1711 718 1791 762 503
1828 722 1924 764 sqq.
1959 725 2045 753 una
2078 725 2180 755 cum

465 782 565 823 Iove
613 788 657 822 et
702 780 903 833 Apolline
936 774 1055 826 οὖδας
1089 779 1270 831 πατρῷον
1302 795 1327 822 a
1359 781 1514 821 nuntio
1547 781 1788 832 invocatur,
1825 783 2020 835 itemque
2055 783 2179 827 Eur.

464 852 720 894 Androm.
757 854 839 903 892
874 852 1113 893 Hermione
1146 852 1387 905 supplicat:
1425 850 1736 902 Ἀγαμέμνονος
1767 856 1857 900 ποεῖ,
1889 852 1983 905 πρός
1998 869 2044 895 σε
2060 853 2179 897 τῶνδε

465 922 682 973 γουνάτων,
725 921 907 972 οἷκτειρον
939 923 1048 972 ἡμᾶς
1081 929 1124 964 et
1157 923 1287 976 paulo
1318 930 1446 976 post:
1482 924 1581 964 ἀλλ’
1615 921 1792 975 ἄντομοὶι
1826 940 1869 966 σε
1898 924 1980 966 Δία
2008 925 2179 968 καλούσ’

465 994 646 1045 ὁμόγνιον
681 1028 688 1035 .
716 1029 753 1038 ..
776 1027 813 1035 ..
849 995 1021 1036 Eodem
1054 995 1189 1036 modo
1223 994 1463 1036 Tecmessa
1508 994 1679 1050 Soph.
1728 996 1879 1038 Aiac.
1922 1008 2007 1050 493
2053 1000 2179 1041 mari-

464 1075 558 1109 tum
590 1081 716 1109 suum
753 1068 1023 1117 obsecratur,
1058 1080 1113 1108 ne
1146 1079 1194 1107 se
1225 1067 1414 1108 deserat.
1447 1064 1495 1122 2).

523 1140 663 1181 Multo
710 1139 905 1192 pluribus
955 1145 1103 1179 autem
1153 1138 1259 1180 locis
1305 1140 1377 1181 dei
1425 1153 1587 1182 nomen
1634 1140 1865 1192 omittitur,
1913 1153 2181 1194 quamquam

465 1212 638 1265 saepius
671 1211 943 1252 subauditur.
976 1210 1109 1251 Plane
1143 1211 1226 1252 hoc
1264 1218 1446 1265 apparet
1478 1211 1648 1265 Soph.
1683 1211 1738 1254 O.
1772 1212 1822 1253 R.
1842 1214 1930 1263 644
1963 1224 2074 1266 sqq„
2108 1213 2181 1256 ubi

464 1282 577 1325 Creo
626 1284 758 1325 deum
805 1296 893 1324 non
942 1284 1172 1324 invocasse
1220 1284 1404 1335 videtur,
1455 1285 1618 1338 quippe
1666 1285 1739 1337 qui
1787 1283 1845 1333 μή
1892 1298 1955 1324 νυν
2002 1282 2180 1334 ὀναίμην,

465 1355 645 1409 inquiat,
693 1353 793 1395 ἀλλ’
827 1353 965 1404 οΞροῖιος
1011 1351 1047 1394 εἴ
1085 1352 1128 1394 σε’
1169 1369 1207 1395 τι
1251 1352 1429 1407 δέδρακζ
1472 1353 1652 1405 ὀλοίμην,
1699 1351 1749 1395 ὧν
1790 1354 1958 1410 ἐπαιτιᾷ
1990 1370 2044 1406 με
2074 1354 2179 1408 δρᾶν.

464 1426 755 1468 Nihilominus
803 1428 936 1467 verba
983 1428 1076 1467 eius
1109 1434 1211 1480 post
1243 1424 1352 1478 ὅρκος
1385 1428 1591 1469 dicuntur
1623 1428 1728 1468 θεῶν
1773 1429 1979 1483 idemque
2020 1429 2180 1471 chorus

463 1498 667 1549 affirmat,
702 1511 888 1539 monens
919 1496 985 1538 τὸν
1017 1496 1108 1538 οὔτε
1139 1497 1230 1550 πρὶν
1263 1497 1399 1546 νήπιον
1418 1500 1481 1539 νῦν
1499 1498 1579 1540 τ’ἐν
1599 1496 1694 1551 ὅρκῳ
1713 1498 1851 1549 μέγαν
1869 1497 2178 1556 ‚carmem-⁹2).

522 1568 634 1611 Sunt
681 1576 830 1611 autem
882 1570 1015 1611 etiarn
1065 1570 1278 1612 formulae
1311 1572 1543 1624 quaedam,
1594 1572 1637 1612 in
1684 1571 1848 1625 quibus
1882 1586 1951 1614 res
1983 1573 2038 1614 ad
2072 1573 2181 1614 deos

465 1641 582 1682 nullo
615 1642 749 1683 modo
783 1641 986 1694 pertinet.
1050 1641 1097 1682 In
1138 1643 1385 1698 fragmento
1430 1642 1640 1696 Sophocli
1682 1645 1906 1697 adscripto
1924 1641 1957 1698 ¹¹)
1989 1641 2054 1694 μοὶ
2094 1642 2179 1692 τὴν,

465 1712 633 1768 legitur,
666 1710 812 1753 ἐκείνου
845 1710 1011 1760 δειλίοιν,
1045 1709 1069 1765 ᾗ
1099 1711 1293 1763 βόσκεται
1326 1711 1458 1762 θῆλυς
1491 1713 1566 1764 μὲν
1600 1713 1735 1762 αὐτός,
1768 1712 1938 1767 ἄρσενας
1965 1712 2181 1768 δ’ἐχθρους

465 1781 587 1835 ἔχων,
619 1797 732 1838 quae
764 1787 910 1837 verba,
956 1786 1156 1838 quamvis
1208 1786 1384 1828 difficile
1433 1788 1488 1828 sit
1529 1795 1649 1829 certe
1683 1788 2048 1843 significationem
2095 1795 2190 1830 sta·-

464 1862 601 1909 tuere,
634 1857 748 1909 quia,
798 1858 903 1909 quid
936 1858 1221 1899 antecederet
1267 1865 1596 1911 sequereturve.
1646 1860 1846 1915 ignotum
1879 1866 1960 1914 est,
1993 1860 2180 1902 fortasse

516 2021 548 2068 1)
587 2022 793 2065 sceptrum
832 2023 1027 2059 sublatum
1066 2025 1160 2060 iuris
1201 2025 1352 2060 iurandi
1379 2036 1466 2061 esse
1506 2027 1670 2072 signum,
1709 2026 1830 2062 multo
1857 2031 1948 2072 post
1973 2026 2180 2062 Aristo·

463 2082 576 2117 tele
592 2094 610 2117 s
639 2089 922 2118 commemorat
951 2084 1034 2121 Pol.
1061 2095 1098 2130 p.
1130 2086 1269 2130 1285‚b
1301 2097 1354 2130 ιι,
1380 2086 1511 2131 quide
1528 2087 1685 2133 regibus
1699 2088 1756 2123 τὰς
1771 2085 2146 2132 δίκας,ἱῐι(]ιιὶῐ,ἕκμνον
2170 2111 2179 2120 .

464 2143 560 2173 τοῦτο
585 2141 614 2174 δ’
628 2142 755 2174 ἐποίουν
781 2143 814 2175 οἱ
834 2143 890 2184 μὲν
916 2142 973 2176 οὐκ
997 2142 1173 2186 ὀμνύοντες,
1201 2145 1237 2177 οἵ
1258 2143 1287 2177 δ’
1306 2143 1481 2187 ὀμνύοντες,
1506 2145 1525 2178 ὅ
1545 2145 1660 2188 δ’δ’ρκος
1672 2144 1708 2189 ἦν
1722 2148 1780 2178 τοῦ
1793 2144 1959 2187 σκήπτρου
1973 2145 2178 2183 ἐπανάτασις.

513 2201 571 2236 De
609 2213 650 2237 re
689 2203 774 2248 ipsa
812 2203 860 2238 cf.
900 2204 931 2239 N
948 2204 1176 2250 agelsba
1193 2215 1213 2239 c
1230 2205 1255 2239 h
1290 2206 1404 2242 Hom.
1443 2205 1593 2243 Theol⁸.
1632 2218 1667 2252 p.
1697 2216 1787 2250 215:
1822 2206 1916 2242 Was
1941 2217 2020 2241 nun
2046 2206 2180 2242 weiter

465 2261 527 2296 die
562 2263 823 2308 angerufenen
850 2263 1006 2310 Zeugen
1032 2264 1190 2309 betrifft‚
1218 2276 1262 2300 so
1291 2266 1466 2301 versteht
1491 2266 1575 2301 sich
1602 2277 1678 2301 von
1705 2266 1837 2308 selbst‚
1864 2266 1956 2301 dass
1982 2265 2179 2302 dieselben

441 2321 533 2366 *mit
581 2322 827 2368 Strafgewalt
872 2327 1119 2369 ausgerfistet
1157 2325 1327 2371 gedacht
1365 2326 1444 2360 und
1483 2326 1573 2361 dem
1613 2326 1902 2361 Schworenden
1941 2326 2058 2373 heilig
2096 2326 2179 2362 sein

465 2384 631 2416 mussen.
674 2381 808 2428 Gegen
847 2383 917 2418 das
955 2383 1114 2419 Erstere
1154 2385 1307 2420 scheint
1346 2396 1448 2420 zwar
1473 2386 1543 2420 der
1568 2386 1759 2422 Umstand
1785 2398 1832 2422 zu
1857 2387 2061 2432 sprechen,
2087 2385 2178 2422 dass

465 2440 586 2475 selbst
610 2442 672 2476 bei
698 2441 871 2477 leblosen
899 2443 1051 2489 Dingen
1078 2445 1333 2489 geschworen
1360 2445 1466 2487 wird,
1494 2446 1588 2480 aber
1615 2457 1684 2481 aus
1710 2458 1739 2488 υ,
1768 2456 1855 2490 339:
1880 2458 1908 2489 v,
1936 2457 2022 2490 229;
2048 2458 2075 2488 ρ,
2093 2455 2180 2492 155;

465 2497 493 2542 ξ,
536 2510 622 2545 155;
661 2513 694 2546 τ,
722 2513 813 2546 304;
853 2514 880 2547 o,
907 2505 952 2546 38
990 2504 1137 2546 erhellt‚
1176 2505 1267 2540 dass
1306 2506 1406 2539 eben
1445 2505 1608 2540 deshalb
1650 2506 1753 2541 noch
1791 2507 1878 2541 eine
1921 2506 2100 2542 Gottheit
2132 2517 2179 2542 zu

466 2561 655 2606 etwaigen
681 2561 806 2597 Strafe
835 2563 1047 2609 angerusen
1075 2564 1182 2599 wird.

513 2622 548 2660 2)
586 2621 683 2656 Item
720 2622 758 2656 in
792 2621 965 2657 formulis
1005 2623 1088 2668 illis,
1127 2624 1165 2658 in
1192 2625 1332 2670 quibus
1359 2625 1498 2671 pignus
1525 2625 1637 2671 quasi
1663 2625 1752 2661 fidei
1778 2627 2032 2672 veritatisque
2057 2626 2178 2672 depo-

465 2679 578 2724 nitur,
614 2681 807 2726 principio
846 2682 962 2717 deum
1001 2694 1158 2728 quoque
1199 2684 1422 2719 invocatum
1462 2695 1561 2726 esse,
1600 2686 1666 2731 qui
1705 2686 1844 2731 pignus
1884 2687 1959 2722 hoc
1997 2687 2178 2732 accipere

466 2740 685 2783 putabatur,
725 2740 836 2776 facile
876 2747 934 2776 est
974 2743 1287 2788 intellegendum.
1337 2744 1399 2787 (cf.
1440 2744 1582 2790 Cycl.
1622 2748 1702 2786 262,
1741 2748 1836 2788 269).
1874 2746 1967 2782 Post
2002 2746 2064 2781 ille
2100 2756 2177 2781 non

466 2798 628 2843 amplius
655 2802 1045 2846 commemorabatur,
1073 2803 1378 2838 subaudiebatur
1393 2808 1522 2838 tamen
1546 2804 1609 2848 (ef.
1633 2804 1736 2851 Cyc
1752 2804 1773 2841 l.
1797 2807 1898 2848 272):
1915 2806 1986 2840 Die
2001 2805 2177 2841 Schwur-

465 2857 611 2902 formeI,
650 2860 731 2894 iure
757 2860 882 2906 inquit
909 2861 1095 2896 Hirzel
1125 2873 1160 2907 p.
1189 2872 1244 2905 33,
1271 2863 1404 2897 wurde
1432 2863 1531 2898 auch
1559 2864 1660 2898 wohl
1687 2875 1783 2910 ganz
1811 2865 1879 2899 auf
1902 2865 2031 2900 dieses
2056 2864 2176 2900 Psand

466 2917 658 2962 gerichtet
695 2919 772 2953 und
809 2931 880 2954 nur
918 2921 1020 2955 beim
1059 2921 1216 2956 Einsatz
1243 2916 1312 2956 der
1339 2922 1470 2957 Wette
1502 2924 1767 2968 geschworen.
1796 2924 1843 2959 cf.
1870 2924 1942 2958 He
1959 2924 1980 2960 1.
2005 2926 2083 2968 835.
2111 2924 2177 2959 ubi

467 2982 585 3022 caput
623 2978 797 3021 Menelai,
837 2980 876 3014 id
915 2986 975 3015 est
1015 2982 1098 3026 ipse
1140 2982 1199 3016 ille
1239 2982 1378 3028 pignus
1418 2989 1478 3017 est
1517 2984 1670 3027 (vocem
1711 2994 1812 3029 quae
1859 2989 1919 3019 est
1943 2983 2026 3025 κάρα
2049 2983 2177 3030 ipsum

466 3036 660 3072 hominem
698 3039 854 3083 saepius
888 3040 1058 3074 indicare
1099 3047 1263 3086 apparet
1296 3042 1320 3075 i.
1346 3052 1378 3077 a.
1405 3042 1519 3077 Eur.
1545 3042 1735 3078 Troad.
1767 3054 1854 3087 1024
1880 3040 1919 3086 (ὦ
1943 3043 2179 3076 κατάπτυστον

466 3096 572 3139 κάρα).

515 3158 549 3198 3)
575 3156 623 3192 cf.
650 3156 804 3203 Soph.
834 3158 877 3193 O.
903 3158 950 3194 R.
977 3170 1054 3196 VSS.
1081 3162 1161 3204 647,
1188 3162 1267 3204 651.

515 3218 552 3259 4)
578 3215 627 3250 cf.
654 3215 697 3251 fr.
728 3219 803 3260 136.
