2392 3750
96 1162 133 1189 a.
174 1149 374 1199 μαρτυρῶ,

96 1579 137 1619 b.
171 1575 262 1618 ἴδοι.

97 1951 134 1979 c.
163 1935 232 1977 σόν
246 1968 377 1979 .....

157 1995 280 2046 λέγω.

1242 292 1291 333 16

399 421 544 461 iurans
574 433 621 461 se
655 421 750 461 urbi
785 420 1087 462 consulturum
1120 420 1267 462 Iovem
1302 420 1386 462 hoc
1419 422 1553 464 modo
1585 424 1847 466 obtestatur.
1880 424 1944 467 Ita
1975 425 2036 476 fit,
2066 431 2114 468 ut

399 491 661 545 Imperativo
708 492 927 545 plerisque
965 491 1072 533 locis
1104 492 1289 533 addatur
1321 491 1501 534 alicuius
1532 494 1603 535 dei
1636 507 1812 536 nomen.
1844 494 1990 538 Semel
2022 503 2115 539 tan-

399 570 492 604 tum
525 577 594 604 res
627 563 687 604 ita
719 563 969 603 invocatur:
1004 562 1136 603 Eur.
1172 563 1332 604 Phoen.
1374 563 1496 616 1677.
1527 562 1556 616 ¹)

458 634 652 688 Reliquis
699 634 904 675 omnibus
950 633 1058 675 locis
1107 634 1215 675 deus
1249 642 1316 676 est
1347 635 1475 676 testis
1509 648 1569 678 sc,
1602 635 1785 689 Soph.
1820 637 1969 694 Antig.
2009 641 2113 691 184;

400 704 520 747 O.C.
559 714 666 758 5213
695 704 856 749 Trach.
890 714 1000 756 399;
1034 704 1166 746 Eur.
1194 704 1289 747 Alc.
1321 716 1433 757 439;
1467 706 1557 749 Ion.
1598 708 1732 760 1478;
1765 707 1856 761 [ph.
1888 708 1942 752 T.
1980 720 2116 766 10773

399 777 490 829 Iph.
523 775 578 818 A.
617 787 742 827 1414.

830 972 876 1013 E.
922 973 987 1012 De
1017 973 1121 1012 allis
1153 973 1268 1012 iuris
1297 974 1482 1013 iurandi
1510 973 1687 1014 tor-mis.

460 1147 644 1187 Restant
676 1146 783 1187 aliae
815 1147 985 1188 formae
1017 1146 1193 1195 multae,
1212 1157 1396 1201 quarum
1416 1147 1628 1200 imprimis
1647 1155 1747 1190 sunt
1766 1149 2007 1192 laudandae
2025 1163 2116 1200 eae,

400 1219 559 1272 quibus
601 1224 753 1271 aperte
787 1219 914 1259 testis
946 1218 1100 1272 aliquis
1134 1220 1374 1270 invocatur,
1409 1232 1555 1260 merae
1588 1222 1951 1263 contestationes.
1984 1220 2118 1273 Quod

399 1303 666 1343 quamquam
709 1290 802 1330 aliis
836 1290 943 1331 loeis
976 1290 1060 1331 alio
1093 1290 1228 1331 modo
1260 1290 1322 1341 fit,
1356 1290 1615 1344 plerumque
1654 1292 1840 1333 formula
1873 1293 2116 1334 invenitur:

398 1362 603 1412 μαρτυρῶ,
652 1362 803 1403 addito
851 1362 1030 1403 nomine
1078 1362 1162 1411 dei,
1210 1362 1277 1403 vel
1319 1364 1444 1410 καλῶ,
1489 1364 1695 1412 καλοῦμαι
1726 1361 1939 1415 μάρτυρας
1973 1396 1982 1406 .
2018 1397 2025 1405 .
2061 1397 2070 1406 .
2105 1396 2115 1405 .

399 1434 551 1474 addito
585 1434 761 1474 nomine
794 1433 865 1474 dei
896 1433 964 1474 vel
995 1434 1193 1474 deorum.
1228 1433 1458 1475 Praeterea
1488 1430 1780 1486 ξυμμαρτυρῶ,
1829 1437 1981 1488 paucis
2009 1436 2117 1478 locis

400 1502 650 1554 ἐπιβοαομαι
682 1505 915 1546 invenitur.

457 1576 785 1630 Nonnunquam
832 1577 941 1617 deus
988 1578 1114 1618 testis
1160 1579 1389 1618 invocatur
1420 1590 1498 1630 per
1530 1577 1789 1630 Optativum
1825 1580 1959 1629 verbi,
1994 1579 2115 1633 quod

400 1655 468 1689 est
513 1645 610 1699 ὁραω
658 1661 718 1689 sc.
754 1645 830 1687 ἴδοι
864 1662 900 1689 e.
920 1662 959 1703 g.
993 1647 1215 1690 Aesch.
1248 1648 1401 1702 Suppl.
1437 1660 1543 1690 212:
1582 1646 1683 1695 Ζεὺς
1715 1648 1756 1690 δὲ
1788 1648 1978 1701 γεννέτωρ
2011 1648 2114 1702 ἵδοι;

400 1720 466 1761 ius
512 1721 741 1761 iurandum
775 1721 859 1761 hoc
893 1720 991 1762 loco
1025 1721 1310 1762 statuendum
1345 1734 1443 1762 esse
1472 1735 1530 1762 ex
1558 1735 1612 1762 eo
1641 1728 1837 1775 apparet,
1867 1723 1988 1776 quod
2014 1722 2117 1764 Iove

399 1798 514 1833 teste
562 1793 767 1833 invocato
799 1793 916 1833 iussa
946 1793 1083 1845 patris
1115 1794 1280 1834 lactum
1313 1793 1361 1833 iri
1394 1793 1648 1834 affirmatur.
1696 1793 1852 1847 Neque
1883 1793 2116 1848 Sopho·

400 1863 555 1915 cles,
589 1878 734 1918 neque
764 1863 847 1904 Eu
866 1864 960 1917 rip
979 1865 991 1905 i
1010 1865 1078 1906 de
1097 1878 1116 1905 s
1149 1864 1229 1905 hac
1265 1864 1451 1906 formula
1483 1871 1678 1906 utuntur.

458 1937 555 1978 Alia
602 1937 744 1978 forma
791 1942 859 1978 est
906 1950 969 1986 ea,
1009 1950 1095 1990 qua
1127 1937 1224 1990 quis
1258 1950 1408 1978 verum
1441 1950 1488 1978 se
1520 1937 1667 1978 dicere
1699 1937 1889 1979 affirmat
1923 1951 2002 1991 per
2033 1939 2117 1979 for-

399 2009 585 2050 mulam:
633 2006 705 2049 σὺν
750 2004 833 2059 θεῷ
884 2006 995 2057 λέγω
1043 2022 1081 2049 e.
1115 2021 1155 2063 g.
1199 2007 1370 2062 (Rhes.)
1403 2010 1514 2060 468:
1548 2007 1617 2049 σὺν
1650 2007 1684 2048 δ’
1719 2007 1962 2063 Ἀδραστείᾳ
1994 2007 2115 2058 λέγω.

398 2080 622 2122 Interdum
653 2078 764 2130 λέγω
800 2081 1016 2122 omittitur
1048 2094 1084 2121 e.
1113 2095 1153 2136 g.
1201 2081 1333 2122 Herc.
1369 2082 1396 2122 f.
1438 2082 1542 2134 176:
1587 2078 1658 2121 σὺν
1690 2078 1886 2132 μάρτυσιν
1917 2078 2027 2128 θεοῖς
2057 2080 2123 2122 δεῖ

399 2153 445 2202 μ’
478 2149 731 2201 ἀπαλλάξαι
769 2149 902 2195 σέθεν.
949 2152 1063 2194 Huic
1110 2166 1288 2206 quoque
1338 2152 1552 2195 formulae
1585 2154 1656 2194 dei
1687 2154 1904 2207 quaedam
1937 2154 2117 2196 testatio

398 2225 526 2265 inest.

459 2295 636 2338 Praeter
694 2296 904 2338 formulas
951 2309 1083 2349 supra
1129 2302 1500 2338 commemoratas
1548 2302 1649 2337 sunt
1697 2295 1805 2338 aliae
1853 2296 2117 2350 complures,

400 2382 509 2422 quas
551 2368 928 2422 comprehendere
972 2374 1094 2408 certo
1126 2381 1288 2422 genere
1321 2368 1625 2409 difficillimum
1657 2374 1739 2419 est,
1772 2368 1931 2422 quibus
1968 2375 2117 2410 tamen
2154 2362 2166 2381 ”

401 2442 605 2482 omnibus
647 2442 761 2482 inest
808 2441 900 2481 sive
947 2440 1019 2481 dei
1066 2439 1134 2480 vel
1181 2439 1370 2480 hominis
1403 2440 1670 2481 contestatio
1702 2441 1793 2480 sive
1825 2440 1904 2480 viri
1935 2441 2117 2482 iurantis

400 2513 536 2565 ipsius
567 2513 829 2554 exsecratio.
864 2511 1028 2553 Multae
1059 2511 1115 2552 de
1147 2511 1214 2551 his
1247 2525 1349 2553 vera
1380 2525 1467 2553 non
1501 2518 1602 2552 sunt
1636 2512 1891 2562 iuramenta,
1924 2512 2115 2553 affirma-

400 2585 545 2625 tiones
577 2590 748 2626 tantum
783 2585 1006 2639 graviores
1038 2597 1076 2627 e.
1094 2596 1133 2638 g.
1169 2585 1204 2625 si
1240 2582 1354 2625 Creo
1386 2583 1534 2639 Antig.
1567 2587 1656 2634 484
1688 2583 1818 2624 dicit:

819 2651 842 2702 ἦ
872 2656 937 2695 νῦν
970 2654 1048 2705 ἐγὼ
1082 2654 1156 2705 μὲν
1188 2655 1256 2697 οὐκ
1288 2653 1397 2707 ἁνήρ,
1429 2652 1531 2702 αὕτη
1563 2653 1696 2705 δ’ἄνήρ

817 2728 851 2768 εἱ
886 2729 1005 2768 ταῦτ’
1038 2726 1160 2769 ἀνατί
1188 2727 1285 2780 τῇδε
1316 2726 1494 2768 κείσεται
1524 2725 1662 2779 κράτη.

459 2801 690 2842 Praeterea
734 2800 909 2853 saepius
956 2801 1120 2841 iuratur
1170 2814 1248 2853 per
1283 2801 1648 2851 exsecrationem,
1682 2800 1774 2840 sive
1806 2812 1884 2852 per
1916 2812 1964 2840 se
1998 2799 2115 2852 posi·

401 2880 491 2914 tam
539 2874 630 2914 sive
661 2873 742 2914 iuri
774 2872 958 2913 iurando
990 2872 1196 2912 additam.
1247 2871 1311 2913 Ita
1343 2871 1502 2913 Creo
1552 2871 1604 2913 O.
1639 2871 1692 2912 R.
1725 2872 1826 2922 644,
1861 2884 1974 2924 quae
2006 2884 2115 2911 nun-

402 2946 539 2995 tiavit,
572 2944 803 2985 confirmat
834 2957 972 2997 seque
1008 2944 1151 2996 ipsum
1184 2944 1404 2985 defendit:

818 3016 876 3065 μή
906 3030 970 3057 νυν
1002 3014 1177 3068 ὀναίμην,
1210 3014 1308 3056 ἀλλ’
1339 3015 1487 3066 ἀραῖος,
1522 3013 1559 3054 εἴ
1585 3013 1629 3055 σε’
1660 3029 1698 3055 τι

818 3086 976 3132 δέδραιί
1010 3087 1182 3137 ὀλοίμην,
1216 3082 1264 3127 ὧν
1297 3086 1467 3140 ἐπαιτιᾷ
1498 3101 1551 3136 με
1581 3084 1690 3136 δρᾶν.

456 3237 488 3271 1)
509 3228 593 3261 ’ἴστω
617 3229 741 3272 σίδηρος
765 3229 864 3271 ὅρκιόν
889 3229 930 3262 τέ
951 3242 1007 3271 μοι
1030 3228 1131 3272 ξίφος,
