2392 3750
1164 302 1216 332 22

390 421 532 464 Certis
579 427 726 462 tamen
774 420 942 475 legibus
994 421 1233 461 obstrictos
1284 434 1383 461 esse
1426 421 1498 474 qui
1547 422 1751 473 iurarent,
1785 423 1844 463 ita
1877 430 1938 468 ut.
1971 423 2046 476 qui

330 494 388 535 dii
438 493 595 546 cuique
643 492 872 532 invocandi
907 498 1056 532 essent
1089 498 1326 541 constaret,
1361 493 1480 545 quod
1510 493 1552 533 in
1585 493 1673 534 vita
1703 494 1923 535 cotidiana
1954 494 2046 534 fieri

332 563 504 606 solebat
536 563 887 612 Atheniensium,
923 576 947 603 e
979 562 1206 616 tragoedia
1237 564 1418 603 omnino
1450 576 1539 604 non
1572 571 1767 616 apparet.
1790 562 1822 617 ¹)

388 635 435 676 In
470 635 558 676 vita
589 634 808 675 cotidiana
840 647 878 674 e.
897 646 936 687 g.
985 632 1285 685 Neptunus
1319 634 1400 675 fuit
1432 634 1555 685 deus,
1576 631 1607 687 2)
1641 648 1719 687 per
1751 649 1882 690 quem
1917 636 2047 690 vulgo

330 720 459 748 senes
506 707 706 747 iurabant
753 710 828 745 aut
871 705 1064 745 iuvenes.
1096 704 1143 745 ln
1175 705 1401 760 tragoedia
1433 712 1579 746 autem
1612 706 1667 747 de
1701 707 1781 748 hac
1815 714 2048 749 consuetu-

330 779 430 819 dine
464 777 564 818 nihil
597 783 791 830 apparet.
826 776 948 816 Deus
981 775 1097 817 enim
1130 776 1199 817 hic
1234 790 1329 817 raro
1362 777 1604 818 invocatur.
1637 777 1752 819 Sane
1781 779 1823 819 in
1853 778 2048 832 Cyclope

331 849 568 902 Euripideo
604 854 737 901 atque
784 846 1042 900 Hippolyto,
1092 860 1192 889 cum
1242 849 1284 888 in
1332 849 1549 901 precibus,
1593 855 1686 890 tum
1719 850 1761 890 in
1794 850 2048 891 iuramentis

328 921 432 974 ipsis
465 933 625 961 nomen
660 920 752 960 eius
784 918 971 970 auditur,
1007 924 1128 959 certa
1162 932 1264 960 vero
1298 920 1378 960 illis
1410 920 1517 960 locis
1549 927 1617 961 est
1650 934 1792 970 causa,
1828 934 1904 962 cur
1937 920 2044 962 affe-

331 999 472 1034 ratur:
531 998 598 1032 est
647 997 772 1044 pater
823 989 1032 1043 Cyclopis
1082 991 1278 1045 itemque
1326 998 1451 1044 pater
1498 991 1675 1042 Thesei,
1724 993 1844 1034 cuius
1894 998 2047 1047 rogatu

330 1063 620 1118 Hippolytum
668 1063 826 1116 perdit.
893 1062 1136 1114 Praeterea,
1186 1064 1222 1104 si
1268 1063 1310 1104 in
1358 1064 1594 1118 tragoediis
1641 1063 1835 1117 Neptuni
1883 1070 1930 1105 ut
1977 1064 2049 1106 dei

331 1149 485 1177 senum
518 1135 627 1176 ratio
655 1135 902 1184 haberetur,
932 1148 1033 1176 eum
1061 1135 1155 1175 sine
1184 1135 1319 1176 dubio
1351 1134 1471 1175 chori
1501 1136 1677 1188 saepius
1706 1136 2048 1186 obtestarentur,

330 1209 494 1262 quippe
540 1207 628 1261 qui,
672 1212 720 1247 ut
763 1207 806 1246 in
837 1205 1173 1261 Agamemnone
1206 1212 1250 1247 et
1282 1206 1325 1247 in
1359 1205 1595 1259 Oedipode
1636 1214 1837 1260 tyranno,
1874 1208 2047 1261 saepius

332 1294 355 1321 e
403 1279 581 1320 senibus
629 1279 715 1319 sint
763 1278 1012 1331 compositi.
1055 1278 1283 1332 Nusquam
1326 1284 1475 1320 tamen
1507 1292 1607 1320 eum
1641 1286 1875 1332 precantur
1906 1292 2049 1333 neque

331 1365 409 1404 per
440 1363 601 1392 nornen
634 1350 727 1391 eius
758 1350 927 1401 iurant;
962 1349 1111 1391 Iovem
1144 1350 1187 1390 hi
1220 1363 1398 1404 quoque
1430 1352 1722 1403 obtestantur,
1742 1351 1773 1398 ³)
1817 1352 1857 1392 ei
1886 1350 2049 1404 suppli-

331 1430 446 1474 cant,
469 1425 500 1474 41)
530 1428 605 1464 aut
635 1421 797 1475 Apollo
830 1427 875 1463 et
905 1422 1101 1463 Minerva
1132 1422 1415 1464 advocantur.

392 1495 437 1536 In
466 1495 554 1535 vita
583 1494 803 1536 cotidiana
834 1491 1164 1545 Hercules5)
1196 1491 1435 1543 ἀλεξίκακος
1465 1496 1720 1547 saepissime
1737 1495 2050 1536 advocabatur.

334 1565 398 1613 Νὴ
440 1564 506 1607 τὸν
537 1563 749 1616 Ἡρακλέα
781 1566 861 1607 fuit
894 1565 1081 1607 formula
1111 1565 1299 1607 Athenis
1330 1566 1615 1607 usitatissima
1646 1566 1828 1617 iurandi,
1861 1580 1974 1620 quae
2006 1567 2051 1608 in

332 1638 569 1693 tragoediis
600 1644 747 1679 autem
781 1639 961 1679 omnino
993 1651 1083 1678 non
1115 1638 1332 1679 invenitur
1351 1637 1396 1693 ὅ).
1430 1636 1477 1679 Si
1509 1651 1642 1692 quem
1675 1644 1820 1679 metus
1852 1639 2049 1693 urgebat,

332 1709 582 1763 Apollinem
615 1710 862 1751 advocabat
894 1708 1161 1760 ἀποτροπᾶιον
1180 1706 1226 1762 7),
1251 1715 1326 1750 aut
1358 1708 1488 1750 alium
1522 1709 1653 1750 deum
1674 1706 1722 1764 8),
1740 1710 1797 1751 ad
1814 1708 2050 1751 Herculem

333 1795 381 1823 se
413 1795 501 1822 non
533 1782 763 1823 convertit.
797 1781 878 1823 Per
910 1795 1011 1822 eum
1043 1795 1188 1835 neque
1220 1781 1363 1822 iurant
1394 1794 1538 1835 neque
1570 1782 1610 1823 ei
1641 1781 1901 1834 supplicant.

393 1853 463 1894 Ex
511 1865 599 1906 quo
647 1858 795 1894 tamen
841 1866 897 1894 ne
945 1852 1111 1894 efficias
1158 1854 1252 1894 sine
1296 1851 1467 1894 ratione
1510 1853 1730 1894 interdum
1762 1859 1908 1894 certos
1941 1853 2050 1895 deos

334 1925 539 1966 invocari.
589 1925 642 1975 Is,
691 1925 765 1978 qui
813 1925 975 1978 primas
1010 1931 1157 1978 partes
1190 1925 1233 1966 in
1265 1925 1464 1966 dramate
1495 1924 1642 1973 habet,
1675 1923 1807 1979 vulgo
1840 1939 1917 1978 per
1950 1938 2050 1967 eum

334 1997 445 2038 iurat
477 1997 624 2050 deum,
663 2010 688 2037 a
719 2009 808 2050 quo
840 1997 1036 2050 inprimis
1069 1997 1263 2039 adiuvari
1294 1996 1419 2038 solet.
1454 1996 1517 2038 Ita
1549 1995 1817 2050 Hippolytus
1849 1995 2051 2039 Artemin

332 2212 376 2247 R.
415 2197 451 2257 p.
496 2223 548 2255 13.
586 2212 778 2258 Imprimis
817 2212 927 2254 tituli,
966 2212 1004 2246 in
1039 2212 1163 2247 insula
1189 2211 1306 2248 Creta
1334 2211 1493 2256 reperti,
1522 2210 1714 2245 eiusmodi
1741 2209 1925 2245 formulas
1951 2210 2050 2245 iura·

335 2272 454 2307 menti
491 2278 744 2307 servaverunt
770 2282 803 2307 e.
833 2282 868 2318 g.
894 2271 1030 2307 foedus
1055 2271 1186 2307 Praesi
1212 2277 1252 2306 et
1278 2282 1426 2312 eorum,
1454 2271 1520 2316 qui
1546 2271 1705 2302 Σταλῖται
1733 2270 1973 2305 dicebantur.
2000 2269 2048 2305 cf.

334 2331 436 2366 Mon.
477 2332 617 2367 antich.
644 2331 706 2374 Vl,
747 2342 838 2375 302;
878 2331 1120 2366 Dittenb.
1162 2330 1280 2378 Syll.2
1319 2340 1399 2374 427.
1439 2330 1487 2365 cf.
1516 2330 1565 2365 de
1592 2330 1700 2365 hisce
1726 2329 1847 2364 titulis
1873 2329 2050 2370 Blass.

335 2390 558 2437 Sammlung
595 2391 665 2427 der
704 2390 770 2427 Gr.
808 2391 905 2427 Dial.
944 2391 1086 2426 inschr.
1125 2390 1185 2425 111.
1223 2390 1262 2425 B.
1298 2401 1330 2433 2,
1358 2389 1498 2425 Hlsbd.
1525 2400 1545 2432 3
1574 2389 1688 2424 Heft:
1715 2388 1788 2424 Die
1816 2388 2051 2424 Kretischen

335 2450 578 2486 Inschriften.

383 2511 564 2557 Quinque
601 2511 698 2547 deos
737 2511 972 2547 invocabant
1010 2510 1231 2546 Locrenses
1268 2510 1414 2546 Ozolae
1454 2509 1502 2544 cf.
1530 2509 1792 2545 Ziebarth
1830 2519 1863 2544 a.
1901 2508 2052 2544 P.-w.

335 2570 408 2608 col.
435 2573 542 2615 2078.

387 2630 419 2675 ι)
446 2630 495 2666 cf.
521 2630 807 2676 Ziebarth,
833 2642 868 2666 0.
895 2631 916 2666 l.
943 2642 978 2677 p.
1007 2633 1038 2667 8.

384 2693 421 2733 2)
447 2690 494 2726 cf.
524 2691 812 2735 Ziebarth,
840 2702 874 2726 o.
902 2691 923 2726 l.
951 2702 977 2736 p
1019 2702 1072 2726 ιο.

385 2753 422 2794 3)
450 2751 496 2786 cf.
525 2750 572 2787 O.
600 2752 637 2786 R.
670 2761 744 2796 ¹5¹·

385 2816 422 2852 4)
447 2809 495 2844 cf.
522 2810 567 2846 O.
593 2810 637 2845 R.
676 2821 750 2855 ¹54·

386 2869 420 2915 5)
448 2870 495 2904 cf.
526 2870 809 2912 Ziebarth,
838 2870 858 2905 l.
887 2870 908 2906 l.

385 2931 421 2973 6)
447 2929 495 2964 cf.
523 2929 800 2973 Ziebarth,
827 2930 898 2966 o.l.
926 2941 965 2975 p.
997 2941 1048 2966 12.

386 2987 422 3034 7)
449 2988 496 3024 cf.
537 2988 586 3024 de
624 2988 699 3024 hoc
738 2991 891 3025 nomine
926 2989 1114 3035 Apollinis
1143 2989 1363 3034 Gruppe
1390 2999 1424 3023 o.
1451 2988 1473 3024 l.
1502 2999 1536 3033 p.
1570 2998 1657 3031 1237
1685 2993 1803 3034 atque
1829 2988 2049 3033 Jessen,

339 3058 370 3082 a.
398 3047 546 3084 P.—W.
574 3048 619 3084 A.
655 3060 680 3089 ι,
708 3049 730 3083 i.
758 3060 792 3084 v.
820 3051 1071 3090 Ἀποτροπᾶιος,
1098 3049 1164 3094 qui
1190 3048 1324 3083 laudat
1349 3047 1447 3082 haec
1475 3047 1580 3083 loca:
1609 3047 1649 3083 C.
1679 3048 1705 3082 Ι.
1734 3047 1778 3083 G.
1808 3050 1887 3090 464,
1914 3046 1979 3093 (cf.
2008 3047 2051 3083 C.

338 3108 364 3142 Ι.
403 3107 448 3143 A.
486 3107 544 3150 111,
588 3117 664 3152 175,
706 3110 785 3151 177)
820 3109 1022 3144 Demosth.
1051 3108 1156 3150 XXI,
1185 3117 1248 3152 53;
1289 3107 1575 3153 Aristoph.
1614 3107 1733 3154 Vesp.
1764 3111 1847 3149 161;
1888 3108 1955 3142 Av.
1984 3109 2051 3149 61;

338 3166 432 3202 Plut.
460 3175 540 3211 359,
565 3168 646 3211 855.

387 3225 424 3272 8)
449 3226 497 3261 cf.
525 3226 639 3263 Eur.
667 3226 732 3262 Or.
760 3230 842 3263 260.
869 3239 904 3264 v.
931 3227 1216 3263 Wilamow.
1242 3227 1332 3262 Eur.
1358 3226 1513 3262 Heracl.
1568 3226 1610 3268 ΙΙ,
1639 3237 1717 3261 202.
