2392 3750
1149 337 1204 383 77

314 459 516 503 Electrae
558 467 727 504 metum
768 460 929 512 iniciat,
961 460 1063 503 licet
1095 461 1279 514 frustra3
1313 461 1494 503 minime
1524 460 1656 502 filiam
1688 459 2034 516 Agamemnonis

316 538 477 574 movet.
511 532 623 574 Tam
657 546 815 588 magna
846 532 1136 574 affirmatione
1169 545 1258 574 non
1293 539 1386 574 erat
1419 546 1545 586 opus.

373 627 430 632 —
462 604 562 645 881.
595 603 928 657 Chrysothemis
958 610 1195 657 postquam
1229 604 1398 655 iuravit,
1428 604 1615 655 Electra,
1653 617 1766 658 quae
1786 604 1915 657 paulo
1932 611 2034 645 ante

314 675 530 727 increpuit
575 676 742 716 sorori:
791 674 891 716 ἀλλ’
936 670 960 722 ἧ
1001 673 1203 724 μέμηνας,
1246 670 1273 715 ὦ
1319 673 1516 723 τάλαινα,
1559 676 1749 730 quietior
1782 675 1845 716 fit.
1879 676 2033 717 Fidem

281 754 287 764 ·
315 758 420 786 sane
462 747 594 787 etiam
637 752 743 788 tunc
775 747 916 788 sorori
948 746 1127 788 minime
1160 747 1304 798 habet,
1339 748 1419 789 sed
1451 747 1533 789 sibi
1565 747 1784 800 persuasit
1817 748 1955 800 ipsam
1987 761 2034 788 se

316 815 431 858 hanc
462 816 625 868 fallere,
659 831 746 872 qua
778 818 834 860 de
866 831 914 859 re
946 819 1194 860 accuratius
1227 832 1324 860 eam
1358 820 1612 875 interrogat.

375 911 432 918 --
470 889 577 940 1063
612 889 772 931 chorus
803 888 903 930 ἀλλ’
941 888 982 930 οὐ
1015 886 1092 929 τάν
1127 887 1234 937 Διός,
1267 890 1486 932 exclamat

807 959 877 1001 καὶ
911 958 989 1001 τὰν
1022 958 1207 1011 οὐρανίαν
1239 959 1364 1011 Θέμιν

804 1030 919 1083 δαρὸν
953 1031 1023 1072 οὐκ
1054 1030 1259 1080 ἀπόνητοι,

315 1114 403 1143 non
450 1116 540 1157 quo
586 1105 725 1159 magis
773 1104 882 1146 fides
931 1105 1014 1146 sibi
1057 1105 1283 1155 habeatur,
1329 1106 1408 1147 sed
1451 1105 1514 1146 ira
1545 1111 1590 1146 et
1627 1105 1780 1147 dolore
1812 1111 2035 1147 commota

314 1172 446 1215 talem
477 1175 708 1217 iuramenti
738 1176 971 1218 formulam
1001 1176 1195 1227 adhibet,
1229 1190 1316 1231 qua
1344 1190 1392 1218 se
1410 1177 1549 1230 ipsam
1567 1176 1832 1218 consoletur·
1865 1177 2032 1219 Verum

313 1245 380 1286 ius
423 1246 652 1288 iurandum
695 1248 770 1289 vix
802 1248 888 1290 dici
921 1254 1083 1301 potest,
1119 1249 1267 1301 potius
1300 1248 1502 1290 habenda
1534 1254 1603 1290 est
1636 1247 1900 1290 exclamatio
1930 1249 2034 1290 iuris

314 1316 482 1359 iurandi
514 1317 700 1360 formula
734 1319 912 1361 inclusa.

374 1412 430 1418 —
469 1399 593 1441 1239.
638 1390 813 1433 Electra
859 1392 971 1433 iurat
1015 1390 1084 1432 vel
1116 1391 1264 1445 potius
1297 1391 1487 1433 affirmat
1521 1392 1606 1442 (ius
1640 1391 1870 1433 iurandum
1901 1392 2032 1443 enim,

313 1458 416 1501 licet
458 1461 552 1502 eius
594 1462 781 1504 formula
821 1463 908 1504 sint
950 1463 1130 1514 inclusa,
1164 1463 1298 1504 verba
1331 1464 1509 1518 virginis
1543 1465 1615 1504 vix
1649 1463 1799 1505 haberi
1830 1465 2032 1517 possunt)

314 1544 362 1572 se
401 1544 624 1586 nunquam
667 1535 901 1575 verituram
942 1532 1123 1585 περισσὸν
1167 1531 1311 1585 ἄχθος
1354 1532 1457 1575 ἔνδον
1502 1535 1701 1584 γυναικῶν
1745 1532 1784 1575 ὅν
1825 1532 1903 1576 ἀεί.
1946 1534 2034 1578 Cur

313 1608 546 1656 tantopere
588 1605 696 1647 haec
738 1612 975 1658 asseveret,
1015 1619 1104 1647 non
1148 1612 1239 1659 est;
1286 1607 1416 1647 nimis
1447 1607 1596 1648 audax
1629 1613 1696 1648 est
1729 1607 1864 1663 virgo,
1899 1608 2033 1649 frater

313 1680 551 1728 postquam
586 1678 777 1718 revertit.
811 1677 991 1719 Frustra
1024 1679 1157 1719 etiam
1191 1677 1375 1720 Orestes
1407 1691 1518 1729 eam,
1545 1685 1593 1720 ut
1610 1679 1759 1732 quieta
1777 1679 1847 1728 sit,
1866 1685 2031 1721 monet.

313 1745 416 1787 Vim
450 1747 577 1788 huius
610 1748 713 1789 iuris
730 1749 900 1790 iurandi
916 1762 1015 1791 esse
1032 1749 1208 1801 nullam,
1226 1749 1352 1791 facile
1370 1749 1646 1806 intellegitur,
1666 1750 1786 1804 quod
1803 1756 2034 1803 praeterea

314 1818 481 1870 optime
519 1832 578 1860 ex
609 1819 660 1860 iis
694 1827 891 1873 apparet,
923 1834 1037 1875 quae
1070 1821 1309 1874 respondet
1347 1819 1556 1862 Orestes:
1591 1817 1661 1872 ὅρα
1693 1835 1744 1871 γε
1776 1819 1849 1870 μὲν
1881 1819 1927 1868 δὴ
1958 1822 2032 1863 κάν

313 1886 495 1938 γυναιξίν
528 1889 577 1936 ὥς
610 1887 738 1941 ’Ἄρης
768 1888 916 1932 ἔνεστιν
936 1889 986 1946 ¹).

373 1959 619 2003 Philoctetis
651 1970 705 2015 72
738 1969 921 2015 apparet
958 1963 1094 2005 duces
1127 1969 1228 2004 ante
1261 1963 1411 2004 initam
1429 1963 1485 2004 ad
1502 1962 1681 2005 Troiam
1700 1964 2032 2017 expeditionem

313 2033 405 2075 iure
452 2033 634 2075 iurando
681 2034 998 2076 constrinxisse
1044 2048 1105 2085 se,
1155 2035 1275 2089 quod
1319 2034 1633 2088 Neptolemurn
1676 2048 1764 2077 non
1799 2035 1957 2078 fecisse
1990 2036 2033 2078 in

314 2105 571 2146 memoriam
604 2111 783 2147 revocat
815 2105 968 2148 Ulixes
985 2103 1035 2161 2).

373 2200 430 2206 -
463 2185 547 2230 357
590 2177 657 2219 ius
700 2177 930 2219 iurandum
969 2184 1355 2229 commemoratur,
1403 2179 1473 2220 cui
1514 2179 1590 2219 vix
1631 2178 1716 2220 hoc
1757 2192 1920 2221 nomen
1965 2187 2033 2222 est

314 2246 524 2290 dandum.
557 2247 877 2301 Neoptolemus
910 2249 1026 2290 enirn
1059 2257 1206 2291 narrat
1238 2262 1286 2291 se
1318 2251 1374 2291 ad
1405 2250 1583 2291 Troiam
1617 2251 1807 2302 venisse,

670 2317 740 2360 καὶ
775 2321 822 2368 μ’
842 2316 982 2366 εὐθὺς,
1013 2321 1168 2375 inquit,
1203 2319 1241 2360 ἐν
1272 2318 1407 2371 κύκλῳ
1440 2319 1618 2371 στρατός

671 2388 864 2448 ἐκβάντα
898 2391 980 2437 πᾶς
1010 2389 1211 2443 ἡσποὶζετ·
1246 2390 1438 2442 ὀμνύντες
1469 2390 1636 2441 βλέπειν

671 2461 738 2503 τὸν
772 2461 899 2503 οὐκέτ’
933 2461 1030 2504 ὄντα
1061 2460 1180 2514 ζῶντ’
1216 2462 1432 2516 Ἀχιλλέα
1464 2462 1604 2508 πάλιν.

374 2532 507 2575 Paulo
554 2534 766 2576 maiorem
799 2535 840 2577 h.
875 2535 898 2576 l.
933 2532 1099 2585 ὀμνύναι
1132 2536 1219 2577 vim
1253 2536 1386 2578 habet
1418 2550 1551 2591 quam
1584 2537 1816 2590 affirmare,
1856 2551 2032 2581 asseve-

315 2608 409 2647 rar‘e
441 2611 486 2647 et
517 2604 687 2648 Graece
721 2603 930 2656 βεβαιοῦν.

377 2699 425 2706 -
466 2685 545 2730 593
589 2686 789 2719 narratur
829 2678 1091 2720 Diomedem
1132 2686 1266 2733 atque
1314 2679 1490 2722 Ulixem
1537 2681 1747 2723 iuravisse
1779 2694 1826 2723 se
1860 2681 2031 2724 Philoc-

313 2754 451 2789 tetem
482 2747 662 2790 Troiam
696 2749 955 2792 reducturos
987 2763 1070 2792 nec
1102 2750 1171 2792 hic
1199 2751 1384 2802 dubitat,
1403 2764 1549 2793 annon
1567 2754 1783 2805 promissa
1800 2753 2031 2796 exsolvere

314 2820 514 2861 conaturi
561 2821 645 2862 sint
664 2818 717 2875 ⁸).
766 2821 846 2863 Est
894 2823 1011 2864 enim
1043 2821 1211 2874 Ulixes,
1245 2824 1319 2877 qui
1354 2837 1446 2865 rem
1478 2825 1724 2877 proposuit,
1759 2825 1863 2879 quin
1897 2826 2030 2868 etiam

313 2891 468 2933 iuravit
503 2903 551 2932 se
587 2891 731 2945 ipsum
764 2905 860 2934 eam
893 2889 1208 2946 perfecturum.
1238 2894 1403 2936 Dolore
1435 2895 1586 2949 iraque
1604 2902 1759 2949 captus
1775 2895 1876 2946 οἴμοι
1895 2894 2031 2945 τάλας

368 3078 399 3126 ι)
426 3079 474 3116 cs.
501 3079 558 3116 El.
588 3090 687 3124 ¹2⁴3·

363 3132 399 3174 2)
426 3138 476 3175 cf.
504 3139 610 3175 Aiac.
643 3150 743 3185 ¹¹¹3,
769 3149 868 3183 ¹23²·

363 3203 400 3243 3)
426 3197 593 3240 διώμοτοι,
618 3199 742 3246 inquit
769 3198 973 3246 Emporos,
999 3198 1152 3233 πλέουσιν
1177 3199 1195 3239 ἦ
1221 3200 1284 3242 μὴν
1309 3200 1327 3240 ἥ
1353 3203 1442 3244 λόγῳ

646 3258 818 3296 πείσαντες
842 3257 929 3300 ἕξειν
953 3258 972 3298 l)
998 3262 1072 3302 πρὸς
1097 3258 1215 3304 ’ίαχυος
1241 3260 1372 3303 κράτος.
