2392 3750
1204 280 1263 321 60

377 425 475 452 esse
523 424 786 462 sermonem,
831 411 951 463 quod
983 422 1245 463 quacunque
1296 411 1351 452 de
1399 423 1532 452 causa
1563 411 1705 463 datur,
1739 418 1872 466 atque
1903 412 1960 454 de
1992 426 2091 465 pro·

377 483 591 524 missorio.
625 482 755 525 Solus
798 481 1044 535 Aeschylus
1087 482 1210 535 plura
1242 481 1374 523 habet
1408 482 1651 524 iuramenta
1682 483 1981 536 promissoria.

437 553 701 609 Fragmenta
747 554 875 594 nimis
924 559 1026 594 sunt
1075 554 1254 604 incerta,
1298 565 1429 605 quam
1478 559 1525 595 ut
1571 567 1628 594 ex
1677 554 1728 595 iis
1775 554 1937 606 aliquid
1984 555 2092 596 certi

379 624 678 675 concludatur,
712 625 755 666 id
786 625 906 677 quod
940 637 998 665 ex
1033 624 1190 666 fabulis
1217 624 1378 666 relictis
1411 625 1555 667 facere
1584 626 1670 666 iam
1688 625 1990 667 difficillimum
2009 632 2090 677 est,

377 696 479 748 quia
525 709 690 748 paucae
733 696 973 737 admodum
1006 701 1191 736 restant.
1238 695 1601 738 Obliviscendum
1634 703 1862 749 praeterea
1889 709 1977 738 non
2009 704 2090 748 est,

378 768 428 808 iis
462 767 503 808 in
538 767 706 817 fabulis,
740 767 813 808 ubi
848 768 902 807 de
935 767 1195 820 quaestione
1228 767 1284 808 sit
1315 781 1475 818 sermo,
1509 769 1752 809 iuramenta
1784 768 1876 809 dari
1908 768 2093 821 plurima

377 839 612 879 assertoria
645 850 757 890 quae
789 839 1006 888 dicuntur,
1055 845 1402 879 consentaneum
1436 851 1546 888 esse,
1598 839 1761 892 quippe
1798 851 1910 891 quae
1943 839 1985 880 in
2017 839 2091 882 lite

377 910 551 962 saepius
599 916 912 963 usurparentur
960 909 1146 951 Athenis
1166 907 1210 962 1).
1275 908 1386 951 Cum
1434 910 1498 960 iis,
1548 922 1661 962 quae
1717 910 1759 950 in
1801 909 1958 951 fabulis
2004 916 2090 952 tra-

377 982 553 1031 duntur,
601 988 693 1022 arte
738 983 981 1023 iuramenta
1027 993 1218 1034 quoque,
1269 993 1382 1033 quae
1429 981 1601 1031 dantur,
1651 981 1889 1022 cohaerent
1931 993 2090 1034 neque,

378 1054 549 1094 etiamsi
575 1053 618 1093 in
650 1053 886 1108 tragoediis
918 1054 1106 1094 totidem
1155 1053 1247 1094 fere
1280 1052 1507 1105 utriusque
1538 1053 1712 1108 generis
1745 1053 1926 1094 inveniri
1957 1066 2091 1106 appa·

378 1131 483 1174 reat,
518 1125 620 1166 inde
653 1125 839 1167 derivari
870 1124 971 1167 licet
1013 1131 1249 1178 utrumque
1281 1137 1420 1180 genus
1452 1124 1569 1177 apud
1601 1123 1897 1166 Athenienses
1929 1124 2092 1178 pariter

378 1197 514 1239 fuisse
545 1197 589 1238 in
620 1209 715 1241 usu.

378 2806 581 2842 iurandum
619 2813 710 2843 tunc
748 2808 959 2854 praecipue
997 2806 1092 2850 dari,
1131 2805 1288 2852 quando
1325 2806 1470 2841 veritas
1505 2805 1577 2841 alia
1613 2806 1764 2841 ratione
1791 2804 1982 2840 diudieari
2011 2814 2091 2840 non

379 2867 535 2911 potest?
574 2866 675 2912 (Hoc
710 2868 864 2904 conicio
903 2877 954 2902 ex
991 2867 1049 2911 iis,
1088 2876 1188 2912 quae
1226 2870 1410 2901 annotat:
1448 2865 1561 2900 Rhet.
1589 2865 1649 2900 ad.
1689 2864 1797 2900 Alex.
1831 2868 1882 2907 18,
1909 2875 1946 2910 p.
1977 2873 2090 2907 1432:

378 2924 463 2966 ὅρκος
500 2924 616 2958 δ’ἐστὶ
650 2926 737 2968 μέτα
773 2927 860 2963 θείας
898 2924 1116 2967 παραλήψεως
1153 2924 1253 2967 φάσις
1291 2923 1547 2965 ἀναπόδεικτος).
1587 2924 1666 2959 Sed
1704 2925 1779 2960 hoc
1817 2924 1911 2959 iuris
1939 2922 2091 2958 iurandi

378 2986 578 3020 assertorii
603 2991 763 3022 naturae
789 2988 918 3022 inesse
943 2997 1062 3032 supra
1087 2986 1162 3020 iam
1189 2985 1284 3020 satis
1310 2990 1370 3020 est
1383 2984 1703 3020 demonstratum.
1730 2983 1801 3019 Est
1814 2983 1873 3018 ius
1887 2981 2090 3018 iurandum

380 3044 590 3079 maximum
624 3046 799 3082 veritatis
837 3046 1114 3090 testimonium,
1149 3044 1323 3080 ultimum
1350 3043 1539 3090 refugium
1560 3053 1687 3089 neque
1714 3043 1838 3079 solum
1865 3042 1914 3078 ad
1940 3041 2090 3077 iudices

378 3103 433 3138 ita
463 3104 619 3149 iuratur,
647 3105 753 3150 quod
779 3106 874 3141 locis
905 3116 1026 3151 supra
1051 3104 1217 3140 laudatis
1244 3103 1338 3138 satis
1365 3108 1539 3148 apparet.

430 3166 463 3204 1)
490 3164 571 3199 iure
600 3164 728 3200 Hirzel
754 3177 791 3211 p.
819 3176 840 3205 4
866 3165 938 3201 o-l.
970 3165 1019 3200 de
1045 3166 1128 3200 iure
1157 3163 1322 3199 iurando
1348 3163 1582 3198 assertorio:
1610 3162 1826 3208 „diejenige
1848 3161 1931 3206 Art,
1954 3160 2090 3208 inquit,

380 3222 452 3258 des
478 3222 609 3266 Eides,
637 3225 700 3260 die
726 3225 961 3261 namentlich
985 3235 1057 3261 vor
1083 3223 1246 3261 Gerieht
1271 3233 1337 3259 zur
1362 3222 1616 3269 Anwendung
1642 3220 1827 3258 kommt.”
