2392 3750
1231 264 1286 304 42

398 384 582 427 braucht
616 383 783 425 seinem
812 382 974 423 Winke
1006 395 1086 423 nur
1119 381 1231 422 nach
1263 395 1315 423 zu
1335 381 1478 437 gehen
1496 395 1570 424 um
1587 382 1703 424 noch
1720 382 1920 425 mehrere
1946 382 2120 437 Spuren

395 456 628 499 desselben
676 452 1030 507 weitherzigeren
1069 450 1259 494 Ansiclzt
1305 466 1407 494 vom
1442 453 1608 495 Wesen
1641 454 1719 495 des
1753 454 1958 498 Schwurs
1989 469 2116 498 anzu-

397 527 604 570 treffen’'.

454 598 708 651 Sequuntur
746 596 953 638 nonnulla
986 595 1191 649 exempla
1210 596 1242 648 ¹)
1277 598 1534 649 posterioris
1581 597 1751 648 aetatis,
1797 599 1955 650 quibus
1999 612 2117 640 asse-

397 671 637 712 verandum
685 675 753 710 est
798 669 1002 720 antiquos
1050 680 1129 720 per
1175 681 1353 709 omnem
1405 682 1499 710 rem
1548 669 1787 721 pretiosam
1834 671 2042 712 iuravisse
2074 676 2118 712 et

397 742 612 784 eiusmodi
647 739 855 781 formulas
889 741 1051 780 iustum
1081 739 1287 781 habuisse
1318 740 1626 782 iuramentum.

457 813 581 854 Loco
614 811 864 853 Aristotelis
896 817 1103 864 excepto,
1152 812 1207 853 de
1240 824 1329 864 quo
1368 818 1469 865 post
1502 811 1638 865 plura,
1689 812 1771 854 loci
1820 813 1982 855 laudati
2014 812 2118 855 nihil

396 885 572 926 efficere
621 883 725 924 mihi
774 883 988 924 videntur.
1053 881 1166 924 Sunt
1215 884 1330 924 enim
1378 884 1711 937 explicationes,
1747 898 1844 926 eam
1887 885 2027 938 ipsam
2058 886 2118 927 ob

397 970 573 998 causam
607 941 763 1005 factae,
802 961 849 996 ut
882 955 1126 996 iuramenta
1159 955 1294 997 relata
1331 957 1688 1008 interpretentur.
1753 956 1937 997 Etiamsi
1968 963 2115 998 autem

396 1027 761 1084 significationem
795 1032 928 1078 atque
977 1026 1063 1067 vim
1113 1027 1303 1068 habeant
1335 1027 1582 1082 generalem
1618 1040 1762 1080 neque
1795 1027 1911 1069 solas
1942 1029 1998 1070 ad
2030 1028 2118 1069 sor-

396 1099 535 1141 mulas
569 1099 817 1152 pertineant
849 1098 1063 1150 laudatas,
1110 1098 1215 1139 nihil
1261 1099 1566 1140 demonstrant
1602 1100 1697 1150 nisi,
1733 1101 1853 1152 quod
1884 1100 2117 1152 unusquis-

396 1183 481 1224 que
528 1170 654 1212 facile
703 1169 933 1222 concedet,
983 1170 1151 1210 honore
1205 1183 1365 1225 magno
1413 1170 1528 1212 affici
1576 1184 1673 1212 eam
1719 1185 1824 1223 rem,
1873 1185 1952 1225 per
1983 1183 2116 1224 quam

396 1244 602 1285 iuremus.
665 1241 833 1282 Natura
864 1241 967 1282 iuris
1000 1241 1170 1282 iurandi
1197 1243 1375 1283 minime
1409 1256 1466 1283 ex
1498 1243 1549 1283 iis
1579 1250 1771 1295 apparet.

455 1313 575 1355 Idem
607 1313 692 1354 hoc
719 1311 859 1354 multo
892 1313 979 1353 iam
1010 1312 1097 1354 dici
1129 1319 1279 1365 potest
1312 1314 1467 1355 iustius
1510 1314 1566 1355 de
1598 1315 1743 1355 verbis
1776 1313 2029 1356 Aristotelis
2060 1315 2116 1356 ab

396 1386 586 1428 Hirzelio
620 1386 854 1427 adductis:

454 1456 603 1499 Primo
634 1457 721 1498 loco
754 1470 843 1498 non
870 1462 938 1498 est
970 1457 1065 1509 ipse
1098 1455 1375 1508 Aristoteles,
1409 1458 1483 1510 qui
1516 1456 1615 1499 loco
1647 1458 1823 1499 laudato
1841 1456 1876 1506 2)
1897 1458 2114 1511 loquitur;

394 1529 524 1571 affert
557 1529 740 1571 aliorum
772 1528 1027 1570 sententias.
1060 1526 1133 1567 εἶσὶ
1162 1525 1219 1574 δέ,
1253 1529 1407 1583 inquit,
1441 1543 1540 1574 τινες
1571 1526 1630 1573 οἵ.
1666 1562 1674 1569 .
1711 1562 1718 1570 .
1756 1561 1764 1569 .
1797 1527 1951 1570 οἴονται.
1980 1528 2114 1582 Quod

394 1600 613 1642 Hirzel
659 1613 733 1653 pp.
772 1608 819 1653 15
856 1605 900 1640 et
937 1610 988 1651 19
1035 1599 1095 1640 ait
1136 1597 1422 1641 Aristotelem
1453 1601 1632 1651 dixisse,
1680 1601 1808 1642 huius
1853 1602 1982 1656 igitur
2025 1613 2115 1642 non

394 1679 495 1714 sunt
530 1673 674 1725 verba,
708 1672 787 1712 sed
820 1684 987 1722 eorum,
1021 1671 1096 1723 qui
1128 1671 1433 1712 demonstrare
1481 1673 1674 1725 cupiant,
1725 1671 1771 1712 τὸ
1824 1670 1936 1722 ὕδωρ
1978 1670 2115 1723 ἀρχὴν

393 1747 465 1792 τῆς
498 1742 657 1796 φύσεως
687 1738 799 1790 εἶναι,
835 1743 955 1797 quod
987 1743 1245 1796 praesertim
1295 1749 1478 1796 apparet
1512 1756 1569 1784 ex
1602 1744 1666 1794 iis,
1699 1757 1812 1797 quae
1845 1749 2112 1797 sequuntur:

393 1814 428 1856 εἶ
470 1814 543 1865 μὲν
591 1810 657 1856 οὖν
702 1812 870 1866 ἀρχαία
918 1829 979 1860 τις
1024 1815 1125 1862 αὕτη
1172 1812 1242 1854 καὶ
1290 1812 1456 1855 παλαιοὶ
1503 1812 1729 1866 τετύχηκεν
1773 1809 1876 1855 οὖσα
1919 1812 2008 1865 περὶ
2040 1818 2114 1862 τῆς

395 1885 554 1939 Φύσεως
587 1887 608 1936 ἡ
641 1884 753 1936 δόξαι,
786 1884 892 1938 τάχ’
924 1883 975 1927 ἂν
1007 1883 1155 1934 ἄδηλον
1187 1885 1241 1934 εἴη
1277 1919 1505 1928 ......

456 1958 667 2002 Secundo.
710 1958 843 2012 Quod
876 1957 979 2004 τινές
1024 1959 1068 1999 hi
1111 1959 1274 2009 dicunt,
1309 1959 1413 2000 iuris
1457 1959 1627 2000 iurandi
1657 1965 1859 2000 naturam
1891 1958 2113 2012 explicare

394 2033 574 2076 omnino
601 2045 690 2073 non
723 2037 886 2084 potest,
920 2032 1084 2084 quippe
1117 2031 1238 2083 quod
1283 2031 1339 2072 ab
1386 2031 1438 2071 iis
1471 2031 1691 2084 afferatur,
1738 2037 1786 2072 ut
1818 2045 1941 2072 suam
1974 2031 2113 2084 opini-

394 2118 525 2147 onem
553 2104 608 2145 de
642 2116 787 2144 rerum
818 2102 1035 2156 principio
1067 2102 1303 2143 stabiliant.
1366 2101 1669 2155 Comprobare
1709 2109 1923 2144 conantur
1953 2115 2112 2156 aquam

394 2177 591 2218 omnium
639 2188 784 2216 rerum
816 2188 914 2215 esse
945 2173 1080 2225 ἀρχήν
1124 2186 1238 2226 quae
1281 2174 1453 2225 dicitur,
1489 2174 1751 2227 principium
1784 2173 1949 2215 mundi.
2012 2174 2113 2216 Non

393 2248 564 2304 legitur,
596 2246 718 2299 quod
751 2245 858 2286 Hir
877 2245 970 2287 zel
1001 2246 1087 2286 ait:
1125 2245 1207 2286 Die
1238 2244 1354 2298 Styx
1388 2246 1592 2286 machten
1624 2246 1695 2287 die
1722 2244 1838 2286 alten
1855 2245 2113 2300 Theologen

393 2332 492 2361 zum
524 2319 634 2360 Eide
667 2318 744 2359 der
778 2316 951 2369 Gtstter,
986 2316 1081 2358 weil
1127 2317 1189 2357 sie
1236 2330 1316 2357 vor
1347 2316 1460 2357 allen
1492 2316 1739 2372 ehrwiirdig
1768 2330 1868 2368 war,
1902 2317 1983 2358 sed
2012 2314 2112 2363 τινές

393 2390 451 2432 illi
482 2390 598 2431 hunc
631 2390 674 2430 in
706 2389 890 2430 modum
922 2388 1265 2429 ratiocinantur:
1315 2388 1385 2429 Ex
1417 2401 1485 2439 eo,
1534 2389 1655 2441 quod
1688 2387 1804 2440 Styx
1837 2389 1878 2439 (i.
1912 2401 1951 2429 e.
1982 2389 2111 2442 aqua)

392 2459 499 2514 ὅρκος
531 2465 598 2502 est
631 2461 748 2511 θεῶν,
798 2460 918 2513 quod
956 2474 1034 2513 per
1082 2473 1179 2501 eam
1228 2460 1300 2501 dei
1347 2461 1502 2510 iurant,
1551 2465 1735 2513 apparet
1782 2458 1967 2516 Stygem
1998 2459 2111 2502 hanc

394 2533 599 2574 omnibus
632 2532 724 2573 aliis
757 2533 887 2574 rebus
919 2532 1086 2573 honore
1113 2538 1350 2585 praestare.
1414 2530 1547 2584 Quod
1580 2532 1695 2572 enim
1728 2533 1770 2572 in
1804 2532 1896 2572 iure
1927 2531 2111 2573 iurando

394 2610 556 2646 testem
603 2604 859 2645 invocamus
908 2616 1085 2656 semper
1132 2609 1199 2644 est
1247 2600 1506 2652 τιμιώτατον.
1577 2601 1695 2655 Quid
1747 2609 1896 2644 autem
1942 2603 2112 2645 honore

446 2767 478 2813 1)
518 2767 565 2803 cf.
605 2768 792 2804 Hirzel
830 2779 865 2805 o.
892 2768 912 2803 l.
953 2779 978 2814 p
1022 2767 1404 2813 16,1;Strabon
1431 2767 1513 2812 XII,
1540 2779 1579 2813 p.
1605 2777 1698 2812 5573
1739 2767 1924 2803 Cassii
1965 2767 2110 2803 Dion.

394 2829 451 2870 60,
491 2838 533 2872 5;
575 2828 745 2864 Mic'llaclt
773 2828 924 2873 fragm.
960 2827 1050 2874 phil.
1090 2827 1115 2870 1,
1154 2829 1223 2869 464
1249 2837 1293 2870 a;
1332 2827 1525 2862 Philon
1577 2827 1631 2862 De
1667 2833 1760 2873 spec.
1786 2828 1873 2872 legg.
1901 2838 1937 2872 p.
1965 2836 2029 2870 271
2058 2826 2110 2862 M.

394 2886 730 2922 Eustathius
770 2898 806 2933 p.
847 2896 926 2932 251,
955 2890 986 2922 6.
1025 2886 1214 2922 Stallb.
1254 2887 1330 2928 (ad.
1359 2886 1396 2922 Il.
1424 2886 1508 2927 XV,
1537 2887 1597 2930 39)
1622 2892 1661 2922 et
1687 2887 1862 2922 eiusdem
1889 2897 1925 2932 p.
1954 2896 2034 2931 251,
2061 2897 2108 2922 20

395 2946 470 2991 (ad.
498 2946 535 2980 11.
562 2946 646 2989 XV,
674 2947 743 2992 36).
772 2946 891 2982 Schol
929 2946 1076 2982 Townl.
1103 2946 1140 2981 Il.
1168 2945 1269 2988 XIV,
1296 2955 1376 2989 271.

443 3007 479 3048 2)
517 3005 567 3040 cf.
604 3006 767 3041 Arist.
809 3007 970 3053 Metaplz.
1009 3007 1034 3051 I,
1074 3017 1105 3049 3.
1146 3017 1181 3050 p.
1220 3008 1288 3049 983
1317 3007 1352 3047 b,
1391 3016 1435 3048 30
1472 3005 1520 3040 ff:
1559 3007 1712 3038 Ὠκέανόν
1750 3018 1785 3038 τε
1820 3008 1885 3047 γὰρ
1920 3009 1975 3037 καὶ
2000 3005 2109 3044 Τηθύν

394 3065 548 3103 ἐποίησαν
586 3068 653 3109 (sc,
693 3067 726 3097 οἶ
758 3069 876 3106 πρῶτοι
913 3064 1185 3107 ἓεολογῆσαιντες)
1224 3068 1278 3102 τῆς
1311 3068 1463 3107 γενέσεως
1496 3065 1650 3109 πατέρας,
1680 3068 1733 3097 καὶ
1758 3067 1810 3097 τὸν
1835 3065 1922 3106 ὅρκον
1952 3068 2007 3097 τῶν
2030 3069 2109 3098 θεῶν

395 3123 485 3165 ὕδωρ,
511 3123 566 3162 τῆν
591 3127 785 3165 καλουμένην
811 3123 867 3156 ὑπ’
893 3124 996 3157 ἀυτῶν
1022 3123 1134 3167 Στύγα
1161 3129 1222 3157 τῶν
1247 3128 1395 3162 ποιητῶν.
1423 3124 1620 3165 τιμίωτατον
1645 3125 1703 3165 μὲν
1728 3126 1793 3165 γὰρ
1815 3125 1855 3156 τὸ
1868 3123 2107 3170 πρεσβύτατον,

396 3183 480 3226 ὅρκος
506 3182 540 3216 δὲ
565 3186 600 3217 τὸ
626 3186 823 3224 τιμιώτατόν
848 3185 942 3218 ἐστιν.
