2392 3750
533 675 585 726 ΙΙ.
646 675 765 726 Cur
804 676 1039 725 iuretur
1076 675 1136 725 in
1177 676 1549 737 tragicorum
1592 680 1911 738 poetarum

997 765 1371 815 carminibus
1400 762 1455 829 ¹).

428 1074 535 1116 Iuris
566 1074 734 1116 iurandi
766 1080 922 1116 natura
951 1074 1214 1129 investigata
1247 1075 1333 1116 iarn
1364 1074 1604 1127 videamus,
1637 1087 1714 1116 cur
1745 1076 1862 1128 apud
1893 1076 2083 1131 tragicos

369 1152 524 1199 poetas
557 1146 802 1187 iuramenta
832 1146 1006 1187 dentur.

428 1217 646 1270 Apparuit
692 1215 1022 1258 enuntiatorum
1070 1215 1453 1272 affirmandorum
1500 1229 1640 1258 causa
1681 1218 1881 1259 homines
1914 1219 2080 1261 iurare:

369 1290 528 1344 quibus
586 1302 686 1331 cum
733 1296 808 1331 aut
854 1303 952 1330 esse
999 1289 1105 1342 (non
1154 1289 1271 1342 esse)
1317 1289 1481 1343 aliquid
1527 1290 1817 1341 contineatur,
1865 1296 1940 1332 aut
1983 1304 2083 1344 pro-

370 1362 566 1411 missum,
614 1362 857 1402 iuramenta
904 1360 1038 1402 dividi
1084 1361 1228 1402 solent
1275 1362 1318 1402 in
1360 1359 1603 1402 assertoria
1649 1375 1762 1416 quae
1803 1363 2008 1404 dicuntur
2039 1369 2084 1404 et

367 1430 658 1486 promissoria
674 1430 722 1485 ²).

428 1504 635 1558 Antiquis
678 1504 763 1545 hoc
792 1504 1029 1544 discrimen
1060 1517 1149 1544 non
1183 1518 1281 1546 esse
1313 1510 1466 1546 notum
1501 1505 1586 1546 iam
1618 1505 1671 1546 L.
1703 1503 1904 1547 Schmidt
1935 1507 2084 1548 obser-

370 1577 486 1618 vavit
500 1573 546 1629 ³),
595 1576 670 1630 qui
717 1582 765 1616 ut
812 1575 881 1616 alii
901 1572 934 1629 4)
981 1589 1007 1616 a
1054 1573 1294 1629 Chrysippo
1342 1577 1531 1629 primum
1579 1577 1638 1617 ita
1670 1578 1915 1618 iuramenta
1945 1578 2085 1619 divisa

369 1661 468 1690 esse
499 1654 639 1701 putat.
671 1647 827 1688 Parum
861 1653 994 1689 recte..
1028 1646 1263 1701 Chrysippi
1296 1649 1430 1690 verba
1460 1661 1639 1700 prorsus
1671 1647 1785 1690 aliud
1817 1649 1923 1703 quid
1954 1650 2084 1705 signi-

369 1720 500 1761 ficare
547 1733 604 1760 ex
651 1720 747 1771 ipso
795 1718 878 1759 loci
926 1725 1141 1760 contextu
1161 1717 1192 1772 5)
1241 1726 1451 1772 apparet:
1496 1716 1734 1770 ἀληθορκεῖν
1782 1718 2008 1776 (ἐπιορκεῖν)
2039 1727 2083 1762 et

368 1790 533 1843 εὐορκεῖν
580 1788 838 1843 (ψευδορκεῖν)
886 1803 975 1831 non
1022 1790 1082 1831 ita
1128 1792 1240 1832 inter
1285 1804 1333 1831 se
1380 1790 1600 1842 differunt,
1634 1797 1681 1832 ut
1713 1792 1769 1833 ad
1799 1793 2083 1834 assertorium

369 1865 491 1919 quod
536 1864 688 1905 dicunt
730 1863 795 1904 ius
828 1863 1058 1903 iurandum
1090 1862 1275 1903 alterum
1308 1868 1493 1915 spectet,
1527 1863 1583 1903 ad
1615 1863 1946 1916 promissorium
1977 1863 2082 1905 alte-

368 1949 493 1978 rum:
541 1936 596 1977 ad
642 1948 777 1976 unum
825 1940 869 1975 et
915 1935 1032 1975 idem
1079 1935 1301 1987 pertinent
1347 1935 1413 1975 ius
1462 1934 1705 1988 iurandum,
1749 1935 1809 1976 ita
1839 1942 1988 1976 tamen
2020 1941 2082 1987 ut,

369 2021 458 2062 quo
504 2014 706 2060 tempore
754 2007 866 2048 iurat
913 2006 1023 2060 quis,
1072 2002 1281 2057 οὶληθορκῇ
1327 2012 1401 2046 aut
1434 2003 1642 2057 ψευδορκῇ,
1676 2013 1833 2060 postea
1865 2020 1964 2048 cum
1997 2008 2083 2049 iam

368 2079 635 2133 perficienda
666 2084 769 2119 sunt
799 2078 1030 2130 promissa,
1062 2075 1199 2128 εὐορκῇ
1230 2083 1305 2118 aut
1336 2075 1494 2128 ἐπιορκῇ
1512 2073 1564 2133 6).

420 2304 452 2347 1)
479 2303 526 2339 cf.
555 2303 952 2348 Schemann-Lipsius
979 2302 1044 2339 C-r.
1072 2302 1363 2347 Alterthiimer⁴‚
1389 2303 1421 2337 11
1446 2314 1482 2348 p.
1511 2304 1578 2338 268
1604 2314 1691 2349 sqq.

489 2364 531 2399 L.
558 2363 747 2405 Schmidt,
774 2363 894 2398 Ethik
920 2363 990 2398 der
1015 2362 1117 2398 alten
1145 2361 1341 2398 Griechen
1367 2362 1399 2397 II
1424 2373 1462 2407 p.
1491 2372 1509 2405 3
1537 2373 1623 2408 sqq.

487 2422 531 2456 R.
560 2421 701 2464 Hirzel,
728 2421 798 2456 der
824 2421 909 2457 Eid.

489 2481 533 2517 E.
559 2493 594 2516 v.
622 2481 804 2517 Lasaulx.
832 2481 911 2516 Der
937 2481 1012 2516 Eid
1038 2481 1102 2516 bei
1129 2480 1205 2516 den
1233 2479 1440 2516 Griechen.

419 2543 455 2584 2)
481 2542 530 2579 cf.
557 2541 687 2577 Hirzel
713 2552 749 2587 p.
778 2553 809 2578 2.
839 2552 870 2578 2.

419 2606 456 2644 3)
482 2601 671 2643 Schmidt,
697 2600 818 2636 Ethik
845 2601 889 2643 ΙΙ,
915 2612 951 2647 p.
979 2604 1010 2636 8.

418 2661 452 2705 4)
479 2661 649 2696 Lasaulx
675 2671 709 2696 o.
737 2661 759 2695 l.
783 2672 819 2706 p.
848 2671 903 2704 30,
935 2672 1022 2704 122;
1051 2660 1231 2695 Ziebarth
1259 2671 1294 2695 o.
1321 2659 1341 2694 l.
1370 2671 1406 2705 p.
1433 2669 1501 2705 433
1528 2659 1719 2705 Augustin
1746 2670 1780 2694 0.
1807 2659 1827 2694 l.
1855 2670 1891 2705 p.
1922 2669 1975 2704 17,
2004 2671 2035 2695 2.

420 2720 454 2765 5)
481 2720 589 2757 Stob.
615 2721 697 2757 flor.
726 2723 779 2762 28,
812 2731 851 2766 15
879 2720 1048 2766 (Mein.):
1077 2718 1263 2761 Χρύσιππος
1289 2718 1447 2761 διαφέρειν
1462 2720 1574 2760 ἔφητὸ
1588 2719 1853 2760 ἂληθορκεῖντὸυ
1867 2718 2015 2760 εὐορκεῖν,
2029 2719 2086 2752 καὶ

369 2781 409 2813 τὸ
443 2781 599 2821 ἐπιορκεῖν
634 2785 694 2813 τὸυ
720 2779 916 2821 ψευδορκεῖν·
942 2781 997 2813 τὸν
1023 2780 1081 2821 μὲν
1107 2778 1253 2820 ὀμνύντα
1278 2783 1355 2811 καθ’
1383 2779 1415 2811 ὅν
1441 2777 1549 2820 ὀμνύει
1574 2779 1680 2819 καιρὸν
1706 2779 1829 2815 πάντως
1853 2778 1872 2816 ’ἢ
1898 2779 2085 2820 ἀληθορκεῖν

369 2837 389 2876 ’ἦ
423 2838 604 2880 ψειιδορκεῖν
628 2849 634 2856 ·
662 2841 697 2872 τὸ
723 2842 788 2881 γὰρ
822 2838 993 2881 ὀρινόμενον
1020 2838 1077 2871 ὑπ’
1102 2838 1202 2871 αὖτόυ
1229 2837 1247 2877 ἢ
1274 2838 1394 2877 ἀληθὲς
1420 2837 1497 2871 εἶναι
1522 2837 1541 2876 ’ὴ
1566 2838 1692 2879 ψεῦδος,
1719 2838 1825 2877 ἐπειδὴ
1850 2837 1980 2880 ἀξίωμα
2005 2852 2086 2882 τυγ-

370 2899 464 2941 χάνει
504 2900 535 2930 ὃν
562 2910 568 2915 ·
596 2900 653 2931 τὸν
692 2898 726 2931 δὲ
759 2898 902 2941 ὀμνύντα
934 2899 979 2941 μὴ
1019 2899 1146 2935 πάντως
1171 2903 1248 2931 καθ’
1273 2898 1307 2935 ὃν
1333 2897 1439 2939 ὀμνύει
1464 2900 1576 2940 χρόνον
1601 2897 1620 2935 3)
1645 2897 1777 2940 εὐορκεῖν
1802 2897 1821 2936 ἢ
1847 2899 2007 2939 ἐπιορκεῖν,
2030 2898 2085 2931 ὃτε

371 2958 416 3000 μὴ
454 2958 609 3000 πάρεστιν
647 2959 664 2990 δ
702 2961 824 3001 χρόνος,
863 2959 903 2995 εἷς
940 2959 974 2991 ὃν
1012 2958 1030 2995 ἧ
1071 2958 1218 2999 ἀναφορὰ
1244 2962 1307 2990 τῶν
1334 2958 1427 2999 ὅρκων
1453 2958 1613 2999 ἐγίγνετο,
1634 2958 1668 2990 ’ὃν
1694 2960 1808 2999 τρόπον
1833 2961 1897 3000 γὰρ
1923 2957 2085 3000 λέγεσθάι

370 3030 442 3050 τινα
479 3017 677 3051 εὐσυνθετεῖν
715 3017 734 3056 ἢ
772 3019 976 3061 demersa-⁵72⁴,
1014 3018 1079 3060 οὐχ
1118 3018 1167 3051 ὅτε
1206 3018 1390 3050 συντίθεται
1429 3017 1509 3049 ἀλλ’
1545 3016 1599 3050 ὃτε
1633 3019 1666 3050 οἱ
1684 3020 1795 3059 χρόνοι
1818 3018 1998 3050 ἐνίστανται
2024 3022 2084 3051 τῶν

370 3078 457 3109 κατὰ
493 3079 549 3113 τὰς
587 3078 762 3120 ὁμολογίας
813 3078 897 3110 οὕτω
944 3081 998 3110 κάι
1035 3077 1172 3119 εὐορκεῖν
1210 3091 1255 3114 τις
1292 3077 1349 3110 καὶ
1386 3078 1539 3118 ἐπιορκεῖν
1577 3076 1761 3120 ῥηθήσεται,
1798 3076 1876 3110 ὃταν
1913 3078 1947 3110 οἶ
1983 3078 2087 3119 καιροὶ

371 3140 575 3179 παραστῶσι,
605 3141 680 3169 καθ’
707 3138 758 3174 οὓς
779 3138 989 3180 ὡμολόγησεν
1015 3136 1212 3170 ἐπιτελέσειν
1238 3139 1279 3169 τὰ
1305 3139 1394 3169 κατὰ
1420 3138 1490 3174 τόυς
1517 3137 1632 3178 ὅρκους.

420 3197 458 3239 6)
483 3195 531 3231 cf.
561 3196 689 3231 Hirzel
715 3208 749 3232 o.
778 3197 798 3232 1.
826 3209 862 3243 p.
891 3199 946 3242 76,
977 3208 1006 3232 1.
