2392 3750
1145 332 1200 373 43

318 454 515 497 maximo
543 454 724 510 dignum
757 453 858 495 est?
903 451 949 494 τὸ
981 449 1269 503 πρεσβύτατον
1300 453 1476 494 nonne?
1524 452 1660 509 Igitur
1707 466 1765 494 ex
1797 467 1865 504 eo,
1913 453 2034 508 quod

317 540 397 580 per
427 525 612 580 Stygem
643 526 717 568 dei
747 525 912 576 iurant,
960 525 1210 566 derivamus
1260 523 1446 580 Stygem
1496 523 1624 575 illam,
1675 525 1719 566 id
1766 530 1834 566 est
1874 538 2034 579 aquam

314 611 413 640 esse
460 595 756 648 πρεσβύτατον,
803 610 897 639 rem
938 596 1303 651 antiquissimam,
1351 594 1498 647 ἀρχήν,
1533 596 1795 650 principium
1829 596 2027 638 omnium

316 683 477 712 rerum.

377 741 592 783 Videmus
622 741 755 796 igitur
785 739 1023 782 Hirzelium
1055 753 1235 792 prorsus
1284 740 1569 791 convertisse,
1611 739 1733 794 quod
1762 740 1881 792 apud
1913 738 2033 781 Aris-

314 811 498 854 totelem
530 812 700 868 legitur.

383 882 535 924 Tertio.
585 883 684 924 Non
717 882 1066 924 obliviscendum
1114 889 1183 924 est
1217 883 1396 924 minime
1428 883 1513 924 hoc
1545 882 1644 923 loco
1677 882 1763 924 dici
1796 882 1863 924 ius
1895 882 2035 924 iuran-

317 955 422 996 dum
470 955 564 996 fieri
610 968 743 1008 posse
789 968 868 1007 per
913 955 1075 1006 omnia,
1122 967 1236 1008 quae
1283 953 1403 1004 τίμιοι
1451 954 1681 996 habentur.
1753 943 1870 1007 Styx
1917 955 2034 996 enim

317 1039 496 1081 quoque
527 1033 594 1068 est
625 1026 721 1076 dea,
754 1039 900 1080 neque
946 1025 1031 1067 hoc
1079 1026 1121 1066 in
1170 1026 1416 1067 iuramento
1465 1026 1648 1067 dubium
1696 1025 1802 1067 mihi
1848 1026 2034 1076 videtur,

316 1099 423 1152 quin
468 1096 543 1139 dei
585 1096 772 1146 testati0,
824 1106 872 1140 ut
921 1098 961 1139 in
1010 1097 1232 1152 plerisque
1279 1098 1561 1152 antiquorum
1621 1097 1877 1139 iuramentis
1935 1098 2036 1139 sub-

317 1170 518 1212 audiatur
539 1167 584 1221 ¹).

376 1241 619 1283 Maximum
668 1242 1063 1296 gravissimumque
1109 1232 1419 1297 argumentum
1467 1242 1611 1296 igitur,
1645 1241 1766 1295 quod
1814 1240 2036 1283 Hirzel

317 1313 374 1355 ad
409 1313 662 1366 opinionem
710 1327 836 1355 suam
883 1314 1278 1367 comprobandum,
1328 1314 1527 1363 adduxit,
1575 1312 1733 1355 nullius
1775 1313 1906 1366 pretii
1937 1326 2036 1355 esse

316 1391 553 1439 postquam
586 1385 800 1438 apparuit,
848 1386 934 1426 iam
968 1385 1360 1426 demonstrandum
1394 1390 1531 1426 restat
1558 1385 1702 1426 minus
1737 1398 1836 1426 esse
1867 1398 2036 1436 verum,

317 1456 437 1511 quod
482 1455 613 1510 paulo
658 1463 762 1510 post
807 1470 850 1510 p.
900 1467 957 1499 20
1003 1457 1246 1508 contendit,
1279 1458 1354 1499 ubi
1384 1457 1494 1512 „Die
1525 1457 1710 1507 diesem,
1742 1457 1897 1511 inquit,
1930 1458 2037 1499 aber

368 1656 400 1689 ι)
426 1651 541 1688 Errat
566 1652 684 1688 etiam
710 1651 911 1696 Hirzel,
938 1652 1096 1698 quando
1122 1663 1158 1698 p.
1189 1663 1241 1696 ¹9-
1269 1663 1312 1688 2:
1341 1652 1660 1697 „1nsbesondere,
1688 1653 1825 1699 inquit,
1854 1651 2031 1688 schweb-

317 1715 383 1746 ten
422 1711 501 1746 ihm
539 1712 756 1752 (Aristoteli
782 1717 852 1750 scr)
886 1712 1056 1748 Hesiods
1083 1712 1219 1747 Worte
1248 1723 1327 1754 vor,
1355 1712 1462 1748 nicht
1488 1713 1597 1748 blosz
1623 1713 1687 1748 die
1714 1713 1752 1748 in
1779 1712 1849 1747 der
1874 1712 2037 1758 vorigen

317 1770 570 1818 Anmerkung
596 1771 852 1816 angesfihrten
880 1771 1040 1818 (Theog.
1068 1774 1152 1815 397)
1178 1772 1349 1807 sondern
1376 1772 1476 1808 auch
1501 1772 1649 1818 Theog.
1677 1782 1757 1816 777,
1786 1783 1846 1807 wo
1861 1772 1923 1807 die
1939 1772 2037 1819 Styx

316 1830 527 1872 πρεσβυτάτη
564 1831 698 1875 heisst,
737 1831 826 1867 dem
866 1843 934 1867 aus
973 1832 1114 1867 beiden
1153 1831 1296 1868 Stellen
1335 1842 1792 1879 zusammengenommen
1831 1832 1921 1868 liess
1953 1833 2036 1868 sich

318 1889 437 1925 leicht
474 1890 544 1926 der
581 1890 670 1927 Satz
708 1890 779 1926 der
816 1891 1066 1938 Metaphysik
1092 1892 1306 1938 gewinnen,
1331 1892 1423 1927 dass
1445 1891 1516 1928 das
1541 1890 1768 1934 πρεσβύτατον
1794 1892 1896 1928 auch
1922 1891 2037 1934 τιμιώ-

317 1962 417 1984 τατον
442 1951 510 1987 sei.

366 2010 513 2047 Contra
552 2011 651 2047 hanc
688 2011 911 2057 opinionem
954 2010 1075 2047 affero
1113 2012 1234 2047 haec:
1262 2011 1390 2048 Primo
1416 2011 1505 2048 loco
1532 2013 1688 2048 minime
1713 2012 1777 2048 hic
1804 2022 1904 2058 opus
1930 2018 2037 2048 esset

318 2071 368 2107 de
406 2071 488 2106 iure
525 2071 688 2106 iurando
727 2071 965 2106 mentionem
1004 2071 1147 2115 facere,
1174 2072 1206 2106 si
1234 2073 1283 2106 ab
1310 2072 1368 2116 iis,
1394 2083 1494 2119 quos
1522 2071 1569 2107 A.
1594 2071 1737 2117 laudat,
1763 2071 1874 2107 iocus
1900 2071 2036 2108 aliatus

318 2136 425 2166 esset
451 2130 625 2172 Hesiodi,
652 2131 718 2166 ubi
744 2131 841 2177 Styx
873 2131 1014 2166 dicitur
1039 2131 1266 2172 πρεσβυτάτη.
1293 2130 1404 2178 Quae
1432 2132 1545 2173 enim,
1573 2132 1606 2167 si
1630 2133 1835 2173 πρεσβυτάτη
1861 2132 1924 2175 sit,
1950 2142 2036 2167 eam

317 2189 369 2224 ob
407 2199 565 2224 causam
603 2189 677 2224 iam
706 2195 766 2224 est
792 2187 892 2231 ἀρχῆ.
919 2188 1066 2236 Theog.
1094 2195 1223 2224 autem
1250 2201 1294 2224 vs
1333 2199 1400 2233 777
1428 2189 1526 2235 Styx
1551 2200 1628 2224 non
1656 2189 1797 2225 dicitur
1821 2191 2038 2231 πρεσβυτάτη

319 2258 389 2294 per
433 2259 487 2289 se,
538 2248 639 2284 nuila
678 2248 840 2284 aliorum
880 2249 1100 2289 collatione,
1138 2250 1208 2284 sed
1245 2252 1466 2291 θυγάτηρ
1505 2249 1676 2282 'nudam
1711 2252 2038 2291 πρεσβυτάτη,

317 2308 420 2343 unde
458 2309 634 2354 sequitur
670 2312 760 2345 τινάς
799 2308 884 2344 illos
922 2309 972 2344 ad
998 2309 1100 2344 hunc
1127 2308 1255 2344 locum
1281 2319 1358 2344 non
1385 2309 1641 2355 spectavisse,
1668 2309 1814 2355 quippe
1842 2310 1908 2355 qui
1934 2310 2036 2345 hunc

317 2368 445 2404 locum
484 2367 693 2404 afferentes
719 2368 879 2415 Stygem
917 2379 994 2403 non
1014 2369 1214 2404 ‘dixissent
1241 2369 1474 2414 principium
1500 2369 1572 2404 sed
1597 2366 1763 2404 Ὠκίανον.
1790 2368 1949 2416 Stygem
1975 2368 2037 2404 vel

317 2428 517 2464 nonimare
543 2439 644 2474 opus
669 2428 715 2463 iis
741 2439 818 2464 non
846 2428 994 2464 suisset.
1022 2428 1109 2474 Ipse
1135 2428 1318 2464 Oceanus
1344 2427 1575 2463 suffecisset.

366 2487 501 2533 Neque
540 2487 648 2523 locus
683 2486 790 2529 alter,
817 2486 964 2534 Theog.
993 2498 1060 2531 397
1088 2487 1172 2533 plus
1199 2487 1330 2523 efficit.
1359 2487 1433 2522 Hic
1460 2487 1647 2533 legimus:
1674 2487 1734 2526 τὴν
1759 2486 1794 2521 δὲ
1820 2486 1896 2525 zeb<
1921 2489 2038 2530 τίμησε

318 2558 404 2594 sqq.
443 2546 552 2594 Quae
581 2548 737 2582 minime
764 2547 880 2583 etiam
907 2547 1104 2593 pertinent
1131 2547 1180 2582 ad
1214 2547 1264 2592 id,
1293 2547 1401 2593 quod
1429 2546 1646 2594 Metaphys.
1673 2547 1696 2583 1.
1726 2558 1744 2591 3
1771 2547 1923 2583 dicitur.
1951 2548 2036 2583 Non

317 2617 448 2642 sermo
486 2611 546 2642 est
584 2607 687 2652 apud
727 2606 990 2651 Aristotelem,
1028 2617 1105 2652 qua
1142 2607 1190 2641 de
1218 2617 1258 2641 re
1286 2606 1383 2653 Styx
1409 2605 1494 2647 ὅρκος
1519 2606 1570 2642 sit
1594 2609 1674 2639 θεῶν
1700 2607 1868 2654 ideoque
1896 2618 2037 2654 magno

318 2666 463 2702 honore
497 2665 699 2701 afficiatur.
727 2666 812 2701 Hoc
839 2671 1004 2701 constat.
1032 2666 1124 2701 Inde
1150 2666 1232 2702 τινές
1258 2666 1308 2701 illi
1337 2666 1537 2712 disputare
1565 2671 1792 2713 coeperunt,
1820 2667 1909 2703 inde
1936 2668 2037 2703 deri-

318 2730 412 2760 vant
441 2725 600 2772 Stygem
626 2725 738 2766 τίμιον,
765 2725 925 2771 pretiosi
952 2725 1046 2771 quid
1072 2735 1170 2761 esse.
1199 2728 1297 2767 τιμᾶν
1323 2726 1415 2761 illud
1442 2725 1606 2762 Hesiodi
1633 2731 1672 2762 et
1699 2726 1806 2768 τίμιον
1830 2727 1906 2763 hoc
1933 2726 2038 2763 Aris·

319 2784 450 2821 totelis
476 2785 634 2820 omnino
660 2785 760 2820 inter
789 2795 831 2820 se
858 2795 934 2820 non
962 2785 1186 2830 cohaerent,
1213 2785 1516 2832 difficinimeque
1543 2785 1788 2832 intellegitur,
1812 2796 1891 2833 quo
1918 2786 2037 2822 modo

319 2854 371 2879 ex
396 2843 504 2879 hisce
531 2844 660 2878 verbis
687 2843 721 2878 H
738 2844 748 2878 i
764 2854 814 2879 rz
830 2843 875 2879 el
902 2843 1079 2879 derivare
1108 2845 1253 2890 possit:
1281 2844 1372 2880 dass
1399 2844 1470 2880 das
1491 2843 1716 2887 πρεσβύτατον
1730 2845 1830 2882 auch
1842 2844 2038 2888 τιμιώτατον

318 2903 386 2940 sei.
415 2902 502 2938 Hoc
530 2914 580 2938 ex
606 2913 733 2938 rerum
760 2908 898 2938 natura
923 2903 1110 2949 sequitur,
1139 2904 1370 2949 probatione
1398 2904 1488 2940 huic
1515 2915 1614 2950 opus
1640 2915 1716 2940 non
1744 2910 1815 2942 est.

368 2961 574 2997 Praeterea
607 2971 797 3007 nusquam
838 2960 988 3007 legitur,
1021 2962 1127 3007 quod
1156 2961 1202 2996 H.
1230 2962 1306 2997 ait:
1335 2962 1426 2997 dass
1454 2962 1524 2997 das
1549 2961 1775 3004 πρεσβύτατον
1800 2963 1900 2999 auch
1927 2962 2037 3005 τιμιώ-

319 3032 417 3054 τατον
442 3021 512 3065 sei,
537 3020 607 3056 sed
634 3020 886 3067 simpliciter·
913 3019 1111 3063 τιμιώτατον
1136 3021 1194 3063 μίν
1219 3023 1284 3063 γὰρ
1310 3022 1346 3054 τὸ
1371 3020 1604 3063 amedeum.

369 3079 490 3116 Multo
527 3080 608 3115 veri
645 3079 806 3116 similius
843 3086 904 3115 est
931 3081 1050 3116 verba
1077 3080 1299 3116 Aristotelis
1324 3081 1399 3127 (vel
1429 3082 1559 3127 potius
1585 3092 1731 3125 eorum,
1761 3094 1860 3129 quos
1889 3082 2037 3126 laudat)

320 3151 398 3177 non
440 3144 622 3186 spectare
660 3138 710 3175 ad
749 3139 985 3175 Hesiodi
1024 3139 1151 3175 locum
1190 3140 1261 3175 sed
1302 3140 1537 3183 Homeri,
1577 3141 1641 3177 ubi
1680 3141 1832 3178 scilicet
1870 3142 1907 3179 ΙΙ.
1947 3142 2037 3178 XIV

322 3202 509 3242 208—246
534 3204 574 3234 et
601 3208 668 3242 302
694 3197 744 3234 de
770 3198 932 3235 Oceano
958 3203 1019 3235 est
1045 3209 1186 3243 sermo,
1212 3209 1406 3245 versuque
1434 3210 1496 3243 27¹
1528 3200 1576 3236 de
1599 3201 1680 3236 iure
1696 3201 1859 3238 iurando
1873 3201 2035 3238 deorum

322 3270 392 3307 per
419 3258 578 3306 Stygem
605 3257 699 3295 dato
725 3258 790 3301 (cf.
817 3258 1051 3306 Gruppe.
1080 3258 1168 3296 Cult
1190 3261 1271 3296 und
1293 3259 1443 3306 Mytlaen
1469 3270 1534 3306 pp.
1559 3263 1639 3303 610,
1665 3262 1762 3302 614).
