2326 3718
1245 337 1322 367 112

413 460 506 499 ποτ’
537 456 620 507 εἰμί
648 454 923 508 maiman-043
958 469 1021 498 vs.
1057 458 1138 509 385
1173 456 1356 498 chorum
1390 456 1591 509 consulit,
1625 458 1730 511 quid
1763 459 2011 502 faciendum
2043 462 2120 503 sit:

799 526 842 568 τί
875 526 956 579 χρὴ
989 530 1126 575 ποιεῖν,
1158 530 1361 576 γυναῖκες,
1395 528 1445 574 ὡς
1478 526 1556 577 ε’γοὶ
1591 527 1725 578 λόγοις

801 601 883 644 τοῖς
914 599 978 640 νῦν
1009 600 1199 649 παροῦσιν
1234 598 1453 649 {amn-my
1483 598 1581 649 μένῃ
1613 602 1728 651 κυρῶ.

473 681 680 735 Quietam
723 694 770 723 se
803 695 901 724 esse
934 682 1108 724 simulat
1140 683 1333 736 quidem,
1363 683 1541 725 minime
1573 689 1722 726 tamen
1754 691 1836 736 est,
1870 686 1992 738 quod
2023 686 2129 728 satis

414 760 597 808 apparet
628 766 716 795 vss.
753 762 828 806 531
868 766 966 807 sqq.

473 825 704 867 Perfidiam
750 825 915 867 Lichae
957 826 1178 879 improbat
1222 826 1265 868 id
1308 827 1429 879 quod
1461 827 1566 868 satis
1597 834 1780 881 apparet
1811 841 1911 870 cum
1931 829 2130 871 versibus

415 897 615 946 laudatis,
650 902 743 938 turn
776 910 863 938 vss.
896 907 984 948 449
1015 908 1128 949 sqq.,
1161 898 1247 939 ubi.

769 978 837 1020 οὐκ
868 977 953 1020 ἔστι
985 981 1120 1031 ταῦτ’,
1154 981 1307 1033 inquit,
1341 981 1440 1021 ἀλλ’
1474 981 1509 1022 εἰ
1539 980 1614 1031 μὲν
1647 981 1690 1022 ἐκ
1722 981 1845 1023 κείνου
1877 978 2024 1032 μαθών

771 1049 914 1103 ψεύδῃ,
946 1047 1130 1102 μάθησιν
1161 1050 1203 1091 οὐ
1234 1051 1363 1099 καλὴν
1396 1050 1677 1102 §nummum

771 1122 808 1162 εἰ
833 1120 869 1163 δ’
888 1121 1011 1168 αὐτὸς
1040 1121 1163 1163 αὑτὸν
1195 1118 1269 1163 ὧδε
1300 1122 1515 1171 παιδέυεις,
1548 1122 1642 1166 ὅταν

770 1191 901 1246 θέλῃς
933 1191 1130 1243 γενέσθαι
1162 1194 1353 1246 χρηστός,
1386 1193 1552 1250 ὀφθήσῃ
1590 1195 1730 1243 κακός.

771 1267 869 1306 ἀλλ’
903 1264 990 1306 εἰπὲ
1021 1266 1102 1306 ποῖν
1133 1268 1172 1306 τ’
1190 1264 1360 1314 ἀληθές·
1393 1267 1442 1314 ὡς
1473 1265 1668 1319 ἐλευθέρῳ

771 1335 918 1388 ψευδεῖ
946 1335 1166 1379 καλεῖσθαι
1199 1338 1272 1389 κὴρ
1306 1337 1516 1389 πρόσεστιν
1549 1339 1591 1380 οὐ
1623 1340 1745 1391 καλή,

412 1421 608 1473 itemque
639 1434 702 1463 vs,
734 1422 821 1472 468
857 1452 1044 1463 .....
1076 1419 1135 1462 σοὶ
1169 1419 1301 1471 δ’ἑγὼ
1334 1420 1477 1476 φράζω
1507 1422 1627 1464 κοικόν

860 1491 955 1544 πρὸς
986 1491 1115 1534 ἄλλον
1148 1488 1261 1540 εἶναι,
1293 1493 1388 1546 πρὸς
1420 1493 1539 1545 δ’ἕμ’
1572 1494 1761 1547 ἀψευδεῖν
1792 1494 1868 1548 ciel,

412 1577 491 1618 sed
523 1577 563 1617 ei
594 1589 707 1629 opus
740 1583 807 1618 est
840 1576 1004 1618 Lichae
1036 1577 1212 1628 auxilio,
1247 1590 1334 1630 qua
1366 1579 1421 1619 de
1454 1592 1586 1621 causa
1612 1580 1805 1621 animum
1823 1580 1917 1622 eius
1934 1580 2129 1623 excitare

411 1660 501 1688 non
534 1647 636 1689 vult.
671 1647 772 1689 Non
805 1648 934 1689 nimis
967 1649 1244 1690 mendacium
1278 1650 1371 1691 eius
1403 1657 1594 1702 accusat,
1629 1652 1748 1703 quod
1780 1653 2040 1704 praesertim
2059 1652 2128 1694 ille

412 1733 460 1760 se
503 1720 596 1760 eius
629 1720 763 1773 ipsius
795 1720 933 1775 gratia
965 1720 1024 1761 ita
1057 1721 1213 1776 egisse,
1246 1728 1444 1763 excusat.
1478 1722 1541 1763 Ita
1575 1723 1701 1764 facile
1733 1722 1999 1778 intellegitur
2030 1737 2127 1766 eam

413 1804 474 1832 vs.
507 1791 596 1832 616
627 1790 732 1832 nihil
765 1804 866 1833 eum
898 1805 1079 1833 monere
1110 1793 1214 1834 nisi:

770 1875 868 1916 ἀλλ’
903 1871 996 1926 ἕρπε
1028 1873 1096 1916 καὶ
1131 1873 1324 1927 φύλασσε
1358 1878 1499 1927 πρῶτοι
1530 1875 1604 1926 μὲν
1635 1875 1751 1927 νόμον

768 1945 813 1987 τὸ
845 1949 904 1996 μὴ
940 1944 1152 1996 ’πιθυμεῖν
1182 1946 1346 1996 πομπὸς
1378 1946 1428 1988 ὤν
1459 1946 1631 1999 περισσοὶ
1664 1947 1767 2000 δρᾶν.

412 2043 558 2083 exque
589 2031 654 2082 iis,
687 2042 800 2083 quae
833 2032 1073 2084 respondet
1105 2030 1265 2072 Lichas
1299 2029 1379 2086 (vs.
1412 2032 1500 2074 620
1532 2033 1646 2086 sqq.)
1679 2040 1861 2086 apparet
1893 2046 1991 2074 eam
2009 2046 2127 2074 asse-

413 2109 559 2144 cutam
593 2115 704 2153 esse,
738 2103 858 2155 quod
890 2108 1076 2155 peteret.

472 2174 806 2225 Vehementius,
865 2175 1064 2227 quamvis
1120 2181 1262 2225 caute,
1312 2175 1472 2216 chorus
1520 2176 1684 2218 Lichae
1732 2177 1951 2230 vituperat
1997 2176 2126 2230 perfi-

413 2246 544 2287 diam.
577 2244 711 2301 (393).

469 2317 708 2359 Notatione
739 2324 967 2371 praeterea
997 2318 1178 2373 dignum
1212 2325 1279 2359 est
1306 2318 1469 2360 Lichae
1487 2320 1724 2372 periurium
1741 2321 1784 2360 in
1802 2321 1938 2361 totius
1954 2319 2127 2362 fabulae

412 2396 627 2431 contextu
674 2390 796 2443 parvi
843 2390 1057 2430 momenti
1074 2403 1186 2430 esse.
1220 2390 1430 2431 Retardat
1463 2391 1598 2432 modo
1632 2390 1854 2444 paululum
1891 2392 2126 2441 actionem,

413 2475 495 2502 nec
545 2462 703 2503 mirum
753 2461 883 2516 igitur
930 2474 1070 2514 pauca
1121 2467 1292 2503 tantum
1325 2462 1381 2503 de
1414 2475 1468 2502 eo
1501 2462 1601 2512 dici,
1636 2474 1900 2514 quamquam
1935 2462 2041 2503 satis
2072 2461 2129 2502 ad

412 2533 805 2574 demonstrandum
840 2532 1018 2573 minime
1049 2532 1152 2573 talia
1182 2533 1369 2586 probari.

469 2603 680 2645 Attamen
727 2604 769 2644 in
802 2616 1006 2645 scaenam
1040 2604 1179 2645 virum
1213 2617 1310 2645 esse
1344 2604 1570 2646 inductum
1603 2604 1806 2645 consulto
1838 2605 1913 2656 qui
1943 2604 2127 2658 peieret,

412 2676 515 2717 novi
549 2676 654 2728 quid
693 2682 774 2725 est,
808 2689 889 2716 nec
922 2676 1074 2716 iniuria
1108 2676 1209 2716 inde
1241 2676 1462 2717 derivatur
1494 2676 1596 2717 iuris
1629 2676 1795 2717 iurandi
1819 2676 2126 2716 auctoritatem

413 2747 549 2788 minui
581 2747 624 2788 id
655 2747 812 2788 aetatis
845 2759 1080 2799 moresque
1111 2747 1341 2800 depravari
1363 2745 1404 2798 ¹).

465 2957 498 2997 1)
523 2955 571 2990 cf.
599 2955 687 2990 Dar.
718 2960 756 2990 et
782 2954 882 3001 Sagl.
911 2965 946 2990 o.
973 2954 993 2990 l.
1021 2955 1044 2990 i.
1071 2966 1105 2989 v.
1133 2955 1191 2990 ius
1218 2955 1432 2996 iurandum,
1460 2955 1504 2991 V.
1528 2954 1584 2990 Le
1600 2956 1753 3001 parjure
1769 2966 1806 3000 p.
1822 2956 1890 2998 768
1905 2954 1971 2989 ubi
1986 2953 2124 2990 Glotz:

416 3014 645 3060 „Sophocle‚
671 3015 840 3060 scripsit,
868 3014 1078 3049 dramatise
1106 3025 1156 3049 un
1185 3014 1276 3049 faux
1300 3015 1506 3050 serment.'’

461 3074 687 3120 Tragoedia,
725 3074 957 3110 Trachiniae
997 3075 1059 3109 cui
1099 3074 1231 3109 titulus
1269 3074 1307 3109 in
1333 3084 1515 3109 scaenam
1544 3075 1661 3109 missa
1687 3079 1748 3109 est
1774 3079 1864 3119 post
1890 3084 2031 3109 annum
2057 3083 2124 3117 42⁴

414 3143 446 3167 a.
474 3132 520 3170 C,
543 3144 578 3169 n.
605 3132 670 3179 (cf.
700 3133 770 3169 Ch
787 3133 902 3168 rist.
929 3144 964 3169 o.
992 3133 1042 3170 13⁶
1070 3144 1107 3179 p.
1136 3135 1230 3176 319),
1247 3143 1326 3178 quo
1340 3143 1442 3168 anno
1456 3133 1658 3180 tragoedia
1674 3133 1898 3168 mittebatur
1912 3132 2124 3178 Euripiden.

413 3188 576 3232 Ἡρακλῆς
604 3193 795 3234 μαίνομενος
822 3204 922 3239 quae
950 3194 1093 3228 dicitur
1119 3193 1184 3235 (cf.
1211 3192 1400 3229 Christ
1427 3205 1461 3228 o.
1489 3193 1510 3230 l.
1537 3204 1572 3239 p.
1600 3192 1695 3238 345).

461 3251 518 3286 De
544 3253 716 3287 moribus
743 3253 826 3287 eius
852 3253 992 3288 aetatis
1020 3252 1062 3286 cf
1094 3252 1253 3290 Thuc.
1281 3252 1339 3294 111,
1367 3254 1423 3296 82,
1450 3255 1506 3295 83.
