2326 3718
1037 336 1114 379 105

279 459 518 501 Periurium
566 459 741 512 proprie
788 459 908 511 quod
954 458 1115 500 dicitur
1149 459 1176 499 i.
1211 472 1251 499 e.
1282 458 1348 500 ius
1380 457 1610 500 iurandum
1642 456 1752 498 falso
1783 456 1934 498 datum

219 531 336 584 apud
384 530 628 572 Homerum
673 543 762 572 non
809 530 965 585 legitur
983 527 1031 585 ¹),
1076 531 1226 583 paucis
1257 529 1365 571 locis
1396 535 1568 571 tantum
1601 542 1747 571 sermo
1779 535 1846 570 est
1879 529 1934 569 de

219 602 465 643 iuramento
497 615 584 643 non
616 608 792 643 servato
809 598 858 655 2).
891 601 1068 642 Veritas
1101 612 1231 654 quam
1264 601 1456 642 maxime
1488 600 1656 642 colitur.

280 672 363 714 De
407 673 709 715 Hesiodo.
757 673 867 715 Item
914 674 1031 726 apud
1078 672 1323 714 Hesiodum
1367 678 1550 725 apparet
1582 685 1737 727 graves
1769 683 1935 724 poenas

221 744 303 786 diis
349 744 553 786 daturum
601 757 699 786 esse
746 757 859 795 eum,
908 745 982 797 qui
1027 745 1271 786 iuramenta
1313 744 1414 785 data
1455 756 1544 785 non
1591 749 1738 785 servet
1769 742 1935 784 falsove

220 816 360 856 iurare
391 816 550 857 audeat
570 812 616 867 8).

280 885 363 927 De
409 886 573 928 aliis.
622 887 741 929 Idem
785 888 947 930 docent
989 888 1102 928 inter
1131 886 1291 940 lyricos
1323 893 1479 940 poetas
1510 885 1839 941 Theognis
1871 898 1934 927 vs.

227 966 334 1011 1195
352 971 360 998 z
382 990 400 1010 „
408 956 507 1007 μήτι
524 955 658 1006 θεούς,
678 960 752 1012 qui
769 960 900 1008 canit,
920 956 1100 1009 ἐπίορκον
1118 954 1333 1007 ἐπόμνυθι,
1356 957 1398 998 οὐ
1414 956 1495 1008 γὰρ
1513 956 1682 999 ἀνυστὸν
1697 954 1935 1002 ἀθανάτους

221 1027 374 1080 κρύψαι
409 1032 542 1080 χρεῖος
575 1028 861 1081 ὀφειλόμενον”
882 1027 936 1083 ¹¹).

281 1100 434 1143 Pind
455 1115 479 1142 a
499 1115 600 1143 rus
631 1102 765 1144 vitam
797 1108 900 1155 post
932 1108 1120 1144 mortem
1152 1103 1327 1144 beatam
1360 1102 1411 1143 iis
1443 1101 1687 1155 pollicetur,
1719 1102 1794 1155 qui
1826 1101 1937 1142 iura-

221 1179 370 1214 menta
401 1174 682 1225 servaverint,
718 1172 788 1216 Ol.
822 1173 856 1215 11
888 1182 938 1226 71
973 1172 1077 1227 (65),
1116 1174 1190 1215 ubi
1222 1173 1350 1215 dicit:

756 1242 873 1286 ἀλλὰ
906 1242 1021 1295 παρὰ
1053 1243 1125 1295 μὲν
1158 1242 1306 1292 τιμίοις

756 1301 862 1345 θεῶν
895 1302 1030 1351 οἵτινες
1067 1303 1231 1356 ἔχαιρον
1264 1302 1456 1355 εὐορκίαις

757 1362 932 1436 ἄξοικρυν
965 1362 1151 1414 νέμονται

756 1438 880 1465 xima

282 1494 399 1536 Inter
415 1495 702 1549 philosophos
728 1495 1111 1549 Epicharmus
1144 1496 1347 1548 quidem:
1387 1493 1579 1548 „ecpomom
1598 1497 1751 1549 inquit,
1769 1492 1937 1543 θνατοῖς

223 1564 416 1616 μέγιστόν
435 1564 538 1607 ἐστιν
556 1564 726 1616 εὐσεβής
744 1565 860 1616 βίος“’
884 1567 934 1619 ⁵),
951 1570 1005 1610 ab
1036 1568 1073 1610 E
1091 1581 1134 1609 m
1152 1582 1180 1621 p
1194 1581 1218 1608 e
1235 1566 1265 1608 d
1282 1581 1310 1609 o
1327 1581 1351 1608 c
1369 1567 1380 1608 l
1397 1581 1422 1608 e
1446 1575 1595 1609 tamen
1612 1567 1751 1609 multo
1769 1547 1937 1620 planiu's

222 1638 562 1691 demonstratur,
594 1651 706 1691 quae
739 1652 882 1692 poena
913 1646 1089 1682 maneat
1120 1638 1188 1681 vel
1220 1640 1351 1682 deum
1370 1639 1604 1693 periurum,
1638 1639 1681 1680 id
1698 1639 1819 1692 quod
1836 1646 1938 1682 ante

224 1709 449 1751 Hesiodus
482 1711 565 1751 iam
600 1710 827 1752 rettulerat
843 1708 896 1759 ⁶).

282 1839 314 1881 ι)
339 1839 389 1875 cf.
416 1839 665 1885 Nagelsb.
694 1858 736 1865 --
764 1840 983 1877 Autenr.
1011 1839 1123 1877 Hom.
1150 1840 1284 1877 Theoi.
1312 1851 1348 1886 p.
1376 1850 1467 1884 219:
1496 1839 1604 1884 „Von
1619 1839 1787 1876 Meineid
1800 1840 1938 1882 ἐπίορκος

222 1898 315 1943 (μάψ
329 1900 447 1940 ὀμόσαι
462 1899 507 1935 Ο.
525 1899 585 1945 4ο)
600 1898 719 1935 findet
735 1900 818 1935 sich
834 1900 923 1935 kein
938 1900 1112 1935 sicheres
1127 1900 1304 1945 Beispiel.
1331 1899 1432 1935 Sane
1448 1899 1560 1935 Hom.
1576 1899 1614 1935 ΙΙ.
1629 1899 1678 1944 Χ,
1693 1910 1761 1943 332
1777 1899 1915 1946 legitur
1930 1912 1937 1935 :

222 1959 361 1999 ἐπίορκον
384 1958 543 1999 ἐπώμοσε,
567 1970 643 1995 non
669 1964 798 1995 tamen
825 1970 960 1994 revera
986 1960 1197 2005 periurium
1224 1965 1284 1995 est
1310 1959 1587 1995 iusiurandum
1602 1959 1782 1994 Hectoris
1797 1960 1879 2003 sed,
1896 1966 1937 1996 ut

224 2019 307 2054 iure
334 2019 368 2054 A
382 2030 418 2054 m
434 2029 455 2054 e
469 2020 480 2054 i
495 2030 513 2054 s
528 2038 542 2044 -
557 2018 593 2053 H
607 2029 627 2053 e
644 2030 667 2054 n
682 2024 696 2054 t
711 2030 730 2054 z
746 2029 766 2054 e
781 2019 794 2042 ¹·
825 2022 913 2062 1890
939 2019 960 2054 1.
987 2018 1008 2054 1.
1035 2019 1242 2055 observat:
1266 2019 1375 2061 „eine
1393 2018 1551 2063 falsche,
1566 2019 1738 2065 nichtige
1755 2018 1939 2066 Zusage.’'

271 2077 465 2115 Ebelin
482 2089 515 2125 g.
544 2078 639 2115 Lex.
668 2078 781 2113 Hom.
812 2080 900 2123 1885
929 2089 964 2124 p.
991 2081 1060 2124 458
1087 2079 1110 2114 i.
1138 2089 1171 2113 v.
1197 2078 1335 2120 ἐπίορκος
1362 2078 1411 2114 ad
1437 2078 1520 2113 1.1.:
1546 2077 1815 2124 „Quamquam
1831 2085 1938 2115 recte

226 2137 374 2174 Hector
411 2138 567 2183 negavit
606 2137 718 2173 alium
759 2138 954 2183 quendam
989 2137 1245 2174 Troianorum
1286 2138 1397 2184 equis
1424 2138 1648 2183 potiturum,
1674 2138 1714 2173 id
1741 2139 1848 2184 quod
1874 2140 1939 2174 vix

225 2203 416 2233 excusant
444 2198 613 2233 Ariston.
639 2199 743 2230 Τοῦτο
765 2195 883 2237 ’ἐξωὲγεν
908 2196 1153 2238 ἐπιπεφύνητοιι
1179 2197 1265 2238 ὅρκον
1290 2197 1430 2238 ἐπίορκον
1455 2196 1591 2238 ὤμοσεν,
1618 2195 1685 2239 οὐχ
1708 2195 1770 2230 οἷον
1791 2196 1940 2235 ἑκουσίως

224 2256 313 2289 ἀλλὰ
339 2255 394 2289 διὰ
418 2258 454 2290 τὸ
479 2257 524 2298 μῆ
550 2256 814 2294 &torento-&friam
828 2258 923 2290 τοῦτο
937 2256 1011 2298 ὅπερ
1025 2255 1180 2297 δίμοσεν.”
1209 2257 1257 2292 cf.
1272 2257 1304 2292 N
1318 2260 1340 2292 ἓ.
1354 2267 1377 2303 g
1393 2267 1413 2292 e
1428 2257 1437 2292 Ι
1453 2268 1472 2292 s
1485 2258 1521 2292 b.
1537 2275 1551 2282 -
1567 2257 1600 2292 A
1615 2268 1639 2292 u
1653 2262 1680 2293 t.
1707 2268 1742 2293 ο.
1758 2257 1779 2292 Ι.
1795 2269 1830 2304 p.
1847 2269 1916 2303 219
1931 2270 1940 2300 3

226 2315 455 2363 Stengel
482 2327 516 2352 o.
544 2315 564 2350 Ι.
592 2327 629 2362 p.
656 2318 714 2352 80.

274 2377 309 2418 ο)
335 2376 476 2423 Nage
492 2376 583 2412 lsb.
611 2376 633 2412 1.
659 2376 680 2414 1.
707 2376 907 2421 „Bekannt
933 2377 1026 2412 aber
1052 2376 1101 2412 ist
1127 2376 1196 2411 der
1223 2376 1345 2412 durch
1372 2376 1569 2412 Pandarus
1596 2377 1822 2424 begangene
1849 2377 1940 2413 Eid-

227 2436 349 2472 bruch
387 2436 436 2471 cf.
462 2435 499 2470 ΙΙ.
527 2435 585 2477 ΙΙΙ,
613 2447 706 2480 299;
743 2436 804 2478 IV,
831 2439 887 2480 67,
916 2439 994 2480 236,
1023 2446 1102 2479 271,
1134 2446 1222 2481 157;
1250 2435 1328 2481 VII,
1356 2445 1436 2481 351.
1476 2435 1534 2472 De
1560 2435 1635 2472 od.
1664 2436 1769 2479 XIX,
1796 2447 1862 2482 395
1890 2438 1933 2473 cs

226 2506 263 2534 ο.
289 2495 309 2531 Ι.
349 2506 413 2542 ρρ.
440 2505 521 2540 ⁴⁴3,
558 2506 628 2540 449
664 2501 703 2531 et
727 2495 749 2541 g
780 2498 854 2531 162.
894 2495 1071 2542 Longum
1098 2502 1159 2531 est
1185 2506 1312 2542 neque
1339 2496 1453 2531 huius
1479 2496 1611 2542 operis
1638 2497 1859 2533 accuratius
1886 2497 1940 2533 in-

226 2555 381 2602 quirere
407 2555 444 2591 in
470 2555 570 2591 hanc
596 2556 876 2602 quaestionem.

275 2617 312 2659 3)
337 2614 386 2651 cf.
413 2614 505 2650 Hes.
532 2614 633 2661 Opp.
662 2625 741 2660 2¹9,
769 2618 847 2658 283,
873 2618 967 2658 803:
994 2614 1141 2661 Theog.
1170 2624 1248 2657 23¹·

275 2673 312 2718 4)
338 2673 386 2710 cf.
413 2679 619 2720 praeterea
645 2685 699 2710 vs.
728 2684 807 2718 399.

278 2733 312 2779 5)
339 2733 388 2768 cs.
416 2732 581 2775 Diels,
620 2733 692 2770 Die
721 2734 874 2780 Fragm.
902 2734 972 2769 der
999 2733 1304 2769 Vorsokratiker
1322 2734 1343 2775 ¹,
1383 2745 1417 2781 p.
1445 2737 1500 2777 96.
1533 2738 1573 2770 ι8
1600 2733 1652 2780 (Ζ.
1681 2736 1764 2777 61);
1792 2734 1940 2770 Anecd.

230 2793 351 2835 Boiss,
377 2793 402 2835 Ι,
434 2799 526 2837 135).

276 2851 314 2897 6)
340 2851 386 2887 cf.
414 2851 612 2897 Theog.
639 2862 706 2897 793
733 2864 817 2899 sqq.

278 2910 444 2955 Diels,
469 2923 504 2947 Ο.
532 2911 554 2947 Ι.
581 2923 618 2958 p.
645 2922 712 2954 217
740 2912 784 2947 sr-
820 2923 907 2958 115:
936 2912 1061 2959 [Nemi
1085 2912 1132 2957 θ’]
1159 2912 1188 2949 ὅς
1215 2911 1278 2958 κ[ο]
1303 2912 1440 2954 ὶπίορκον
1466 2913 1643 2954 ἐπομόσσῃ

932 2971 1080 3012 δαίμονες
1107 2972 1174 3004 οἵτε
1201 2971 1399 3011 μακραίωνος
1422 2971 1594 3014 Madnasa
1619 2973 1704 3012 βίοιο

929 3031 998 3073 τρῖς
1024 3032 1083 3071 μὲν
1109 3031 1225 3072 μυρίας
1249 3030 1330 3072 ὥρας
1355 3031 1421 3063 ἀπὸ
1446 3030 1596 3071 μακάρων
1620 3031 1817 3069 ἀλαλῆσθαι

930 3089 1107 3133 Φυομίνους
1126 3091 1270 3123 παντοῖα
1295 3088 1349 3122 διὰ
1372 3092 1485 3133 χρόνον
1510 3089 1599 3124 mua
1622 3094 1743 3129 θνητᾶν

930 3149 1095 3192 ἀργαλέας
1120 3150 1243 3191 plor-010
1266 3148 1554 3190 μοταλλᾶσσοντα
1579 3149 1750 3187 κελεύθους

932 3255 1056 3295 ἄλλους
1079 3255 1155 3298 δ’ᾶξ
1181 3255 1286 3289 ἄλλον
1314 3255 1450 3300 δέχεται
1477 3256 1654 3299 στυγέουσι
1679 3256 1714 3291 δὲ
1739 3261 1867 3296 πάντες.
