2392 3750
1201 298 1261 349 84

377 430 685 473 auctoritatem
717 428 894 470 minime
927 427 1128 469 minuunt
1160 441 1242 469 nec
1275 427 1498 482 Iphigenia
1528 435 1680 483 rogata
1698 435 1883 471 recusat.
1917 430 2091 473 Muneri

377 504 533 544 deesse
567 506 913 554 praetextusque
945 500 1124 554 fingere,
1158 512 1270 553 quos
1303 506 1458 552 postea
1491 513 1706 541 excusare
1738 502 1892 553 possit,
1927 515 2090 556 nequa-

377 586 509 627 quam
554 573 596 613 in
639 572 785 613 animo
824 571 903 611 fuit
947 570 1114 611 iuvenis
1164 570 1271 611 haec
1309 583 1451 611 orans.
1486 570 1651 613 Contra
1684 573 1855 623 metuit,
1888 586 1944 614 ne
1977 574 2090 614 sorte

377 659 424 686 se
456 644 593 685 invito
626 644 824 696 periurus
859 642 1088 694 habeatur,
1111 642 1231 696 quod
1250 642 1414 683 crimen
1432 643 1732 695 turpissimum
1751 643 1914 685 evitare
1933 644 2024 685 vult
2043 642 2090 698 ¹).

440 739 491 745 —
524 724 624 767 970.
669 714 853 756 Orestes
895 721 1042 755 narrat
1084 727 1145 764 se,
1188 727 1277 767 quo
1321 714 1406 755 deo
1449 715 1586 769 magis
1619 715 1904 768 persuaderet
1937 716 1992 757 ad
2025 717 2092 757 ius

378 787 605 829 iurandum
650 786 918 840 confugisse.
958 781 1149 837 ε’πώμοσ’,
1193 785 1345 838 inquit,
1388 783 1510 824 αὐτοῦ
1552 786 1612 826 (ἰη
1653 785 1820 839 templo
1853 787 1988 839 ipsius
2020 787 2092 829 dei

376 858 571 911 Delphis,
605 858 678 903 ubi
709 857 918 898 auxilium
952 857 1151 909 petebat)
1184 853 1270 905 βίον
1302 853 1531 908 ἀποῤῥήξειν
1554 853 1739 908 (θανών),
1767 857 1802 898 εἰ
1828 856 1886 907 μή
1903 872 1956 907 με
1974 854 2091 899 σώσει

379 927 519 978 Φοῖβος
539 961 548 970 .
568 963 575 970 .
597 961 605 969 .
626 962 633 969 .
654 942 735 970 nec
768 928 951 970 frustra:
986 924 1171 969 ἔντευθεν
1206 929 1323 969 enim
1356 930 1511 983 pergit,
1535 926 1660 975 αὐδὴν
1680 963 1686 969 .
1709 962 1717 969 .
1740 962 1746 968 .
1768 960 1778 970 .
1797 929 1929 970 λακὼν
1947 928 2092 979 Φοῖβος

377 1003 422 1051 μ’
443 998 607 1051 ἔπεμψὲ
661 998 784 1050 δεῦρο.
834 999 928 1040 lure
960 1000 1144 1040 iurando
1175 1000 1281 1040 dato
1313 1000 1423 1041 deus
1457 1013 1556 1041 eum
1591 1001 1757 1041 audivit
1789 1014 2092 1056 responsoque

377 1073 482 1113 dato
514 1072 569 1113 ad
603 1071 814 1112 Tauricas
846 1071 1049 1127 regiones
1081 1071 1199 1112 misit
1217 1068 1266 1125 2).

438 1167 494 1173 —-
533 1144 643 1195 1076
675 1143 834 1184 chorus
867 1144 979 1184 iurat
1014 1156 1061 1183 se
1094 1144 1343 1191 taciturum,
1378 1143 1498 1196 quod
1530 1143 1796 1196 promissum
1829 1156 1917 1184 non
1950 1143 2091 1185 solum

378 1228 466 1256 non
498 1215 703 1270 neglegit,
737 1216 816 1256 sed
849 1215 981 1256 etiam
1011 1215 1213 1255 nuntium
1246 1214 1451 1266 decipere
1484 1220 1667 1255 conatur
1692 1213 1735 1266 ⁸).

437 1285 560 1327 Ionis
594 1288 680 1339 870
714 1287 806 1327 iure
839 1287 1022 1327 iurando
1056 1291 1279 1327 asseverat
1312 1285 1478 1327 Creusa
1508 1299 1556 1327 se
1590 1286 1758 1327 facinus
1790 1286 2016 1339 Apollinis,
2050 1286 2093 1328 in

377 1373 424 1400 se
468 1359 752 1399 commissum
795 1371 884 1399 non
926 1358 1112 1411 amplius
1156 1356 1406 1398 celaturam.
1449 1357 1575 1411 Quae
1618 1358 1733 1399 facta
1771 1364 1873 1399 sunt
1905 1359 2094 1411 primum

378 1431 636 1485 paedagogo
680 1429 856 1480 revelat,
901 1436 1002 1482 post
1045 1429 1141 1482 ipso
1178 1429 1265 1470 filio
1284 1427 1319 1482 4)
1366 1442 1462 1470 suo.
1504 1429 1600 1470 Iure
1648 1430 1830 1471 iurando
1877 1429 2095 1471 affirmare

378 1502 511 1543 verba
558 1515 637 1542 sua
683 1502 862 1542 minime
910 1514 1021 1554 opus
1069 1502 1108 1542 ei
1155 1507 1262 1542 erat.
1320 1500 1526 1542 Fortasse
1569 1501 1690 1542 hisce
1733 1501 1902 1556 magnis
1950 1501 2094 1542 verbis

380 1575 515 1615 utitur
550 1574 606 1614 ad
636 1573 865 1614 audaciam
897 1573 980 1614 sibi
1008 1573 1268 1628 augendam.

437 1645 483 1685 lo
525 1651 672 1686 tamen
716 1645 818 1698 quia
856 1646 937 1697 ipsi
969 1657 1058 1685 non
1091 1645 1230 1685 credit
1263 1644 1437 1698 alioque
1469 1645 1604 1686 modo
1635 1644 1900 1698 persuadere
1932 1645 1972 1685 ei
2003 1656 2093 1686 non

378 1723 526 1770 potest
548 1715 593 1767 ⁵),
636 1717 795 1758 iterum
835 1717 890 1758 ad
933 1717 1042 1758 deos
1084 1721 1222 1757 testes
1266 1716 1467 1771 confugit
1484 1713 1517 1767 6)
1549 1729 1693 1770 neque
1727 1717 1859 1757 etiam
1892 1723 1997 1757 tunc
2029 1716 2094 1757 vir

377 1789 475 1842 pius
517 1802 610 1829 rem
653 1788 888 1844 intellegit3
922 1802 1071 1830 rursus
1115 1794 1255 1829 matre
1289 1789 1558 1843 interrogata
1590 1788 1780 1842 denique
1813 1787 2040 1830 constituit
2057 1785 2094 1843 ⁷)

377 1861 522 1913 ipsum
553 1860 780 1901 Phoebum
812 1861 868 1901 de
902 1861 1032 1901 rebus
1064 1860 1223 1901 auditis
1255 1859 1496 1900 consulere.
2123 1859 2125 1861 ’

437 1932 667 1973 Dubitatio
708 1932 816 1972 haec
860 1932 992 1972 etiam
1034 1938 1136 1984 post
1177 1933 1243 1972 ius
1286 1931 1515 1972 iurandum
1557 1945 1582 1972 a
1614 1937 1754 1972 matre
1785 1931 1935 1972 datum
1969 1931 2094 1972 facile

377 2003 638 2059 intellegitur
669 2003 833 2057 quippe
865 2003 909 2043 in
942 2003 1141 2044 ministro
1177 2003 1312 2055 ipsius
1345 2001 1559 2056 Apollinis
1582 1999 1630 2051 ⁸).
1663 2002 1894 2044 Praeterea
1920 2015 2010 2044 non
2025 2008 2094 2044 est

379 2074 726 2116 obliviscendum
762 2075 874 2116 hanc
907 2074 1022 2115 Ionis
1055 2075 1267 2127 pietatem
1299 2075 1342 2115 in
1375 2075 1602 2116 dominum
1636 2087 1763 2115 suum
1795 2087 1820 2115 a
1852 2080 1985 2128 poeta
2001 2080 2091 2115 tarn

379 2145 493 2187 clare
526 2146 716 2201 depingi,
751 2159 839 2200 quo
872 2147 1009 2200 magis
1044 2146 1223 2187 foedum
1256 2146 1425 2187 facinus
1453 2145 1689 2187 illustretur
1706 2146 1790 2187 dei.
1822 2145 1977 2186 Melius
1995 2158 2091 2187 eam

378 2218 682 2259 demonstrare
715 2217 947 2270 Euripides
979 2231 1068 2258 non
1101 2223 1318 2270 potuerat,
1352 2230 1483 2270 quam
1516 2231 1583 2268 eo,
1617 2218 1737 2271 quod
1765 2217 1876 2258 filius
1893 2230 1949 2257 ne
1966 2218 2093 2258 matri

378 2290 556 2343 quidem
601 2289 668 2330 vel
712 2289 878 2331 iuratae
927 2290 1126 2330 crederet
1175 2302 1271 2330 earn
1318 2289 1457 2330 solam
1504 2290 1563 2329 ob
1605 2302 1795 2339 causam,
1839 2290 1959 2342 quod
2006 2290 2092 2330 deo

379 2375 511 2415 quem
545 2362 848 2412 venerabatur,
883 2361 1053 2402 facinus
1085 2361 1256 2414 turpius
1288 2361 1466 2401 obicere
1498 2360 1689 2401 nolebat.

431 2583 464 2624 1)
492 2580 861 2626 „Stockorthodox”
890 2580 938 2615 ab
966 2579 1095 2615 Hirzel
1122 2591 1157 2615 ο.
1183 2579 1194 2614 l
1232 2591 1267 2625 p.
1296 2588 1338 2624 55
1367 2584 1543 2615 vocatur.

427 2643 464 2681 2)
490 2641 652 2676 Orestes
690 2641 849 2686 quidem
888 2651 944 2675 vs.
970 2642 1037 2684 965
1065 2640 1172 2686 ipse:
1199 2640 1317 2680 Φοῖβος
1342 2643 1379 2680 μ’
1390 2637 1522 2678 ’έσωο-εν,
1546 2639 1682 2685 inquit,
1707 2642 1876 2680 μαρτυρῶν
1905 2638 1976 2674 sed
2000 2649 2092 2684 pars

379 2700 590 2742 Furiarum,
617 2700 758 2735 deinde
784 2705 926 2742 narrat,
953 2699 1098 2734 iudicio
1124 2710 1198 2734 non
1225 2704 1309 2734 erat
1337 2703 1523 2734 contenta
1548 2698 1596 2734 cf.
1623 2710 1680 2734 vs.
1697 2708 1787 2742 970:
1815 2698 1891 2731 ὅσαι
1906 2697 1935 2731 δ’
1948 2697 2092 2740 Ἐρινύων

378 2759 435 2793 οὐκ
472 2760 670 2798 ἐπείσθησαν
707 2761 837 2800 νόμῳ..
853 2785 886 2793 ..
911 2757 1094 2799 ἠλάστρουν
1131 2763 1168 2799 μ’
1182 2757 1256 2793 ἀεὶ.
1272 2784 1280 2792 .
1319 2785 1327 2792 .
1355 2769 1377 2792 a
1403 2758 1544 2803 quibus
1572 2768 1738 2804 quoque,
1766 2763 1808 2793 ut
1835 2769 1878 2793 se
1905 2758 2090 2794 defendat

379 2819 531 2865 Apollo,
558 2820 804 2865 precabatur.

428 2878 463 2923 3)
490 2879 536 2914 cf.
565 2889 600 2914 o.
627 2879 646 2913 l.
679 2889 780 2922 1294,
811 2881 910 2922 1296,
942 2888 1040 2922 1309.

427 2937 465 2984 4)
491 2938 541 2973 cf.
566 2938 645 2973 Ion.
675 2948 759 2981 1471
790 2949 875 2984 sqq.

429 2999 463 3042 5)
489 2997 538 3032 cf.
565 3008 600 3033 o.
628 2997 649 3031 l.
680 3006 780 3042 1525.

427 3056 464 3103 6)
491 3057 538 3092 cf.
564 3068 599 3092 o.
626 3057 650 3093 l.
679 3059 778 3101 1528.

429 3116 464 3162 7)
491 3116 542 3152 cf.
565 3128 600 3152 ο.
627 3116 647 3151 l.
675 3121 778 3162 1532,
813 3120 922 3161 1546:
951 3116 1030 3149 ἀλλ’
1062 3115 1224 3158 ἱστορήσω
1249 3117 1367 3157 Φοῖβον
1392 3115 1545 3148 εἰσελθὼν
1570 3115 1684 3156 δόμους

951 3174 1014 3208 εἴτ’
1039 3175 1107 3218 cip-i
1130 3177 1252 3214 Sum-of}
1275 3176 1395 3216 πατρὸς
1419 3174 1486 3208 ε’ίτε
1509 3173 1644 3215 Λοξίου.

430 3239 466 3278 8)
493 3235 539 3272 cf.
566 3246 599 3270 o.
627 3235 649 3272 1.
680 3244 779 3280 1532,
811 3245 910 3280 1537,
942 3244 1041 3280 ¹5⁴7·
