2392 3750
1221 284 1280 327 66

453 413 558 457 Ant.
595 425 680 470 534
711 416 840 471 enim,
873 416 946 457 ubi
980 415 1094 457 Creo
1125 415 1342 457 Ismenam
1374 416 1663 471 interroganS,

659 488 749 539 §Dsp‘
782 486 880 533 εἰπὲ,
914 487 1068 541 inquit,
1105 484 1151 534 δή
1181 500 1261 535 μοι,
1295 485 1365 527 καὶ
1398 485 1447 527 σὺ
1479 484 1596 528 τοῦδε
1624 489 1694 528 τοῦ
1725 485 1864 543 τάφου

661 558 804 611 φήσεις
836 560 1070 609 μετασχεῖν
1100 556 1121 605 ἤ
1152 555 1269 610 ’ξομῇ
1299 558 1343 599 τὸ
1375 557 1433 608 μὴ
1466 556 1630 611 sisium

392 636 459 671 est
493 631 639 680 iudex,
674 631 747 684 qui
779 644 902 672 reum
938 631 1191 684 interrogat,
1225 643 1314 671 non
1347 631 1600 672 avunculus.

451 702 497 743 In
539 702 699 743 iudicio
741 703 843 756 quia
885 715 1009 743 reum
1055 702 1196 743 iurare
1239 701 1326 743 tale
1369 703 1474 756 quid
1506 716 1652 745 rarum
1684 716 1773 744 non
1806 709 1898 745 erat
1930 703 2109 745 minime

391 774 549 815 mirum
596 780 830 826 tyrannum
878 773 962 815 hoc
1010 787 1164 828 rogare
1183 771 1227 824 1),
1274 787 1542 828 quamquam
1574 775 1617 816 in
1651 775 1798 817 litibus
1834 775 2109 817 adversarius

391 858 509 895 sane,
557 857 779 898 nunquam
826 851 975 886 tamen
1020 845 1155 887 iudex
1172 843 1208 891 2)
1240 859 1265 886 a
1297 859 1373 887 reo
1407 845 1473 887 ius
1506 846 1736 888 iurandum
1770 846 2021 900 postulabat
2051 846 2108 888 ad

391 917 686 957 innocentiam
718 917 1007 969 probandam.

451 987 583 1040 Apud
615 988 950 1040 Euripidem
985 989 1143 1030 eodem
1176 989 1311 1030 modo
1345 989 1411 1030 ius
1442 989 1673 1031 iurandum
1705 990 1957 1032 adhibetur:

450 1057 553 1100 Hz'k.
595 1061 703 1112 1187
737 1060 894 1101 foedus
927 1060 1019 1101 iure
1052 1060 1235 1102 iurando
1267 1062 1470 1102 sancitur.
1506 1061 1704 1103 Minerva
1731 1061 1955 1103 Theseum
1987 1062 2108 1104 iubet

391 1131 457 1173 ius
490 1131 719 1173 iurandum
752 1132 930 1186 exigere
962 1133 1019 1173 ab
1050 1131 1271 1174 Adrasto:

659 1202 759 1244 ἀλλ’
793 1202 883 1244 ἀντὶ
916 1203 994 1244 τῶν
1028 1205 1104 1244 σῶν
1137 1202 1208 1244 καὶ
1245 1202 1401 1250 πόλεως
1435 1201 1743 1256 μοχθημάτων,
1778 1205 1931 1259 inquit,

659 1277 809 1326 πρῶτον
843 1274 946 1326 λαβ’
982 1273 1106 1327 ὅρκον·
1141 1273 1251 1316 τόνδε
1281 1273 1484 1326 δ’ὂμνύνοιι
1519 1274 1646 1327 χρεών

659 1345 907 1399 ”Αδροιστον.
941 1344 1063 1394 οὕτως
1093 1345 1221 1398 κύριος
1253 1345 1442 1399 τύραννος
1475 1346 1522 1388 ὤν
1542 1380 1669 1390 .....
1690 1347 1927 1400 ὁρκωμοτεῖν
1939 1346 1988 1399 ⁸).

443 1537 473 1584 ι)
500 1538 548 1574 cf.
577 1538 614 1572 M
630 1537 1092 1573 eier-Schomann
1120 1549 1154 1574 0.
1182 1538 1204 1575 l.
1231 1549 1267 1584 p.
1294 1549 1359 1582 90¹
1381 1549 1388 1571 :
1415 1537 1582 1574 Oftmals
1607 1539 1835 1574 bezweckte
1861 1539 1924 1575 die
1937 1541 2110 1581 πρόκλησις

390 1609 476 1633 zum
503 1598 601 1633 Eide
627 1599 735 1633 nicht
761 1597 868 1633 blosz
895 1597 970 1632 den
997 1598 1146 1632 Beweis
1173 1598 1280 1632 eines
1308 1597 1510 1633 einzelnen
1535 1598 1717 1640 Punktes,
1744 1598 1913 1634 sondern
1940 1599 2004 1635 die
2018 1599 2110 1636 Ent-

390 1658 606 1704 scheidung
633 1658 704 1693 des
730 1668 877 1704 ganzen
901 1657 1216 1693 Rechtshandels
1243 1657 1344 1692 ohne
1374 1657 1560 1693 weiteren
1587 1658 1762 1694 Process.

438 1718 474 1764 2)
501 1718 550 1754 cf.
577 1717 1094 1753 Meier-Schbmann
1132 1727 1167 1752 o.
1196 1717 1216 1751 Ι.
1245 1728 1281 1762 p.
1309 1720 1390 1762 898,
1416 1717 1460 1752 A.
1490 1727 1583 1761 377:
1623 1717 1710 1753 Von
1741 1718 1868 1753 einem
1895 1718 2019 1754 durch
2044 1718 2107 1755 die

389 1778 567 1813 Behorde
596 1777 833 1822 auferlegten
861 1776 959 1811 Eide
987 1775 1107 1811 findet
1133 1777 1219 1812 sich
1246 1777 1296 1811 im
1325 1776 1531 1812 Attischen
1556 1777 1746 1812 Processe
1772 1778 1863 1812 kein
1889 1777 2001 1823 Spur.

439 1837 472 1881 3)
499 1837 560 1872 Ius
598 1836 802 1871 iurandum
836 1835 911 1871 hoc
951 1835 1001 1870 ad
1041 1835 1180 1871 foedus
1209 1836 1463 1871 sanciendum
1490 1837 1723 1882 imperatum
1750 1837 1798 1872 ab
1825 1838 1911 1883 ipsa
1936 1837 2110 1874 Minerva

389 1897 589 1932 notatione
628 1896 895 1942 dignissimum
932 1900 1003 1938 est,
1043 1896 1134 1941 quia
1172 1907 1223 1931 ex
1263 1906 1309 1930 eo
1332 1900 1508 1941 apparet,
1536 1906 1615 1941 quo
1641 1896 1760 1932 modo
1786 1896 1827 1932 id
1851 1897 1992 1933 aetatis
2017 1897 2110 1933 talia

389 1956 536 1992 fierent.
587 1956 733 2002 Regem
773 1955 985 1990 Adrastum
1025 1956 1151 1990 iurare
1191 1966 1263 2000 pro
1303 1960 1389 1991 toto
1428 1955 1574 2001 populo
1616 1960 1923 1991 consentaneum
1962 1961 2034 2002 est,
2072 1956 2109 1992 ei

389 2017 481 2051 licet
518 2014 627 2054 πάσης
664 2014 743 2057 ὑπὲρ
768 2017 831 2057 γῆς
857 2014 1025 2047 Δαναΐδων
1052 2015 1252 2056 ὁρκωμοτεῖν.
1281 2015 1464 2060 Sequitur
1491 2015 1618 2061 ipsum
1644 2016 1703 2051 ius
1728 2016 1956 2052 iurandum:
1982 2014 2110 2058 μήποτ’

389 2076 555 2118 Ἀργείους
582 2103 589 2111 .
618 2103 624 2111 .
654 2103 661 2111 .
689 2101 697 2110 .
724 2073 864 2108 ἐποίσειν
902 2086 1001 2121 sqq.,
1044 2075 1151 2121 quod
1189 2074 1318 2110 finitur
1356 2075 1636 2120 imprecatione
1677 2085 1828 2121 poenae
1861 2076 1900 2111 in
1928 2086 2010 2119 eos,
2043 2077 2112 2123 qui

389 2136 636 2171 nihilominus
675 2136 713 2171 in
735 2135 830 2170 fines
857 2136 1096 2181 irrumpant:
1139 2132 1179 2173 ἢν
1205 2133 1322 2176 &apum
1348 2132 1535 2171 ἐκλιπόντες
1554 2132 1696 2167 ’ἔλθωσιν
1721 2137 1825 2174 πόλιν,
1848 2138 1954 2175 κακῶς
1977 2136 2114 2170 ὀλέσθαι

388 2198 559 2237 πρόστρεπ’
597 2194 750 2236 Ἀργείων
775 2196 897 2237 χθόνα.
937 2195 1148 2230 Iuramenti
1176 2195 1343 2241 partium
1371 2195 1470 2230 ordo
1497 2195 1600 2230 idem
1629 2200 1690 2231 est
1716 2199 1834 2241 atque
1861 2195 1941 2242 Iph.
1969 2196 2015 2232 A.
2042 2206 2109 2242 735

389 2267 496 2302 sqq.;
522 2255 623 2292 Med.
652 2265 731 2298 742,
758 2266 844 2301 sqq.

436 2316 606 2351 Victima
640 2315 782 2350 deinde
825 2314 1047 2350 immolatur
1084 2315 1134 2349 ad
1174 2314 1304 2350 omnia
1342 2313 1630 2349 confirmanda:
1670 2312 1702 2346 ’ὲν
1721 2311 1744 2355 ᾧ
1766 2313 1801 2346 δὲ
1825 2313 1952 2356 τέμνειν
1973 2315 2111 2357 σφάγια

388 2374 453 2419 χρή
478 2374 613 2408 σ’ἰέκονέ
637 2386 701 2416 μου
727 2375 776 2411 cf.
802 2374 944 2410 Phoen.
978 2385 1088 2418 124o;
1113 2374 1215 2410 Aes
1231 2374 1304 2409 ch.
1331 2373 1438 2419 Sept.
1465 2374 1552 2410 adv.
1578 2373 1701 2409 Theb.
1727 2385 1771 2416 42
1798 2385 1884 2421 sqq.

437 2435 616 2471 Nondum
654 2440 785 2470 tamen
831 2439 1016 2470 contenta
1043 2439 1103 2470 est
1130 2434 1217 2478 dea,
1244 2434 1364 2469 etiam
1390 2444 1468 2479 quo
1497 2433 1615 2470 modo
1643 2434 1703 2469 ius
1731 2434 1934 2470 iurandum
1960 2436 2108 2471 servari

389 2495 491 2538 velit,
518 2495 695 2530 indicans
721 2505 798 2529 vss.
831 2504 918 2528 1202
945 2504 1033 2539 sqq.

674 2554 705 2586 ἐν
730 2552 824 2596 τῷδε,
849 2554 967 2598 iubet,
994 2552 1161 2595 ἔγγραψον
1186 2552 1295 2594 ὅρκους
1320 2551 1472 2593 τρίποδος
1498 2550 1529 2585 ἒν
1554 2553 1651 2594 κοίλῳ
1676 2551 1766 2586 κύτει

674 2612 819 2646 κῆπειτα
841 2610 958 2653 σώζειν
985 2616 1049 2654 θεῷ
1072 2611 1122 2649 δὸς
1149 2609 1171 2654 ᾧ
1198 2615 1332 2654 Δελφῶν
1358 2611 1451 2653 μέλει

675 2672 819 2715 μνημεῖά
843 2676 878 2705 θ’
902 2672 996 2714 ὅρκων
1021 2670 1215 2713 μαρτύρημά
1239 2675 1274 2704 θ’
1300 2671 1449 2705 Ἑλλάδι.

390 2735 437 2770 cf.
476 2740 682 2782 praeterea
718 2735 767 2769 de
805 2734 879 2768 hac
920 2733 1203 2768 consuetudine
1244 2732 1367 2768 Thuc.
1409 2732 1451 2774 V,
1495 2736 1537 2768 18
1576 2738 1616 2768 et
1650 2733 1841 2778 exempla,
1867 2744 1968 2779 quae
1995 2733 2107 2770 affert

389 2795 559 2830 Lasaulx
585 2806 618 2830 0.
646 2795 667 2830 l.
691 2806 727 2840 p.
759 2805 822 2828 12:
850 2793 977 2839 Polyb.
1004 2792 1126 2837 XXII,
1155 2795 1221 2835 26;
1249 2792 1388 2836 XXIII,
1421 2803 1472 2836 19,
1499 2792 1584 2827 alia.

438 2854 628 2901 Quaestio
655 2859 726 2898 est,
753 2863 822 2889 cur
847 2853 882 2887 D
897 2852 942 2887 el
958 2852 1022 2897 ph
1037 2863 1093 2887 os
1121 2852 1272 2897 tripous
1300 2852 1401 2887 mitti
1426 2851 1616 2886 iubeatur.

437 2914 688 2961 Thucydides
709 2913 754 2955 V,
785 2914 837 2955 18,
868 2923 908 2947 ιο
934 2916 1067 2951 narrat
1091 2911 1271 2957 tripodes
1297 2911 1397 2946 mitti
1411 2910 1592 2957 Olympia
1618 2916 1657 2946 et
1671 2911 2106 2958 Delphos:(’onvuxloeca

389 2973 446 3006 καὶ
488 2974 632 3019 Πυ3ο7);
671 2974 707 3009 h.
734 2973 754 3009 1.
794 2973 967 3008 Minerva
993 2973 1127 3007 iubet:
1166 2968 1281 3013 σῴζειν
1306 2974 1369 3012 θεῷ
1396 2969 1458 3010 δὸς,
1482 2967 1505 3011 ᾧ
1532 2974 1670 3013 Δελφῶν
1695 2970 1786 3013 μέλει
1814 2970 1950 3017 (1203),
1977 2972 2105 3018 ipsum

390 3034 635 3079 propositum
659 3037 841 3068 accurate
867 3032 1063 3067 indicans:
1089 3030 1235 3073 μνημεῖά
1258 3035 1293 3062 θ’
1321 3030 1415 3072 ὅρκων
1443 3029 1640 3072 μαρτύρημά
1660 3035 1694 3063 5³
1720 3030 1870 3064 Ἑλλάδι.

437 3094 580 3140 Magno
618 3094 734 3139 igitur
771 3093 919 3128 honore
958 3092 1147 3137 templum
1186 3091 1419 3136 Delphicum
1458 3091 1534 3126 hoc
1577 3091 1760 3127 mandato
1798 3091 1976 3127 afficitur.
2003 3091 2106 3127 Fieri

391 3157 536 3199 potest,
574 3158 616 3188 ut
653 3153 765 3187 huius
789 3152 949 3187 honoris
977 3151 1179 3198 permagni
1205 3161 1324 3186 causa
1352 3155 1469 3193 esset,
1497 3151 1604 3196 quod
1631 3151 1669 3186 in
1697 3151 1818 3196 pacis,
1845 3161 1946 3197 quae
1972 3150 2106 3186 Niciae

391 3212 543 3254 dicitur,
583 3212 880 3247 condicionibus
917 3210 1215 3255 constituendiS,
1254 3211 1509 3246 constitutum
1548 3215 1643 3254 erat,
1681 3210 1867 3257 templum
1901 3210 2106 3257 Appolinis
