2326 3718
1055 328 1131 380 1'1'5

235 467 470 513 procorum
517 458 712 502 Helenae
754 459 960 512 loquitur,
1003 458 1069 500 τὸν
1109 455 1345 510 ’Τυνδάρειον
1377 454 1484 508 ὅρκον
1518 458 1638 510 quod
1672 458 1778 499 dicit
1811 456 1946 513 (391),

234 532 435 584 interque
491 533 628 578 κακῶς
685 529 898 580 παγέντας
945 527 1075 581 ὅρκους
1123 528 1193 571 καὶ
1239 526 1654 579 κατηναγκασμένους
1700 530 1821 582 (395)
1869 542 1947 570 nu-

235 608 385 644 merat.
436 602 506 644 Ex
552 603 603 644 iis
649 608 810 653 autem,
853 613 966 655 quae
1007 602 1298 644 antecedunt:
1342 600 1384 642 οὐ
1428 599 1510 651 γὰρ
1542 598 1729 641 ἀσυνέτον
1763 598 1808 640 τὸ
1841 597 1947 641 θεῖον

234 672 336 713 ἀλλ’
364 675 452 724 ἔχει
481 671 648 713 συνιέναι
682 673 808 726 (394)
843 674 869 726 (.
893 670 1074 718 ...τοὺς
1107 673 1240 719 κακῶς
1274 686 1382 722 way.
1417 686 1477 714 sc.
1512 668 1613 726 ἔρκ.)
1644 678 1827 725 apparet
1859 685 1948 713 non

234 757 366 799 aegre
406 757 507 786 eum
530 745 718 786 laturum
744 745 894 795 fuisse,
912 746 948 786 si
965 745 1185 798 principes
1203 744 1308 786 illud
1327 744 1621 786 iuramentum
1638 743 1946 799 neglegissent.

295 815 440 857 Etiam
472 816 542 857 hic
573 816 703 872 igitur
733 816 892 858 dicitur
921 829 1010 858 non
1042 829 1230 869 semper,
1263 829 1352 857 non
1384 815 1505 857 omni
1536 821 1738 868 tempore
1765 827 1949 856 necesse

234 899 332 928 esse
364 887 431 929 ius
463 887 692 929 iurandum
725 887 901 929 servari.
932 887 1276 929 prudentissime
1294 888 1337 928 in
1354 887 1475 928 omni
1492 887 1711 940 promisso
1729 887 1949 941 agendum

235 965 315 999 est.
380 958 563 1000 Iuvenes
619 959 809 1000 audaces
856 965 1023 1000 temere
1068 957 1231 1011 aliquid
1272 964 1396 999 erant
1438 957 1620 1012 polliciti
1661 955 1949 1013 (κακόφρονας,

235 1027 499 1081 Φιλογαμους
532 1033 767 1086 μνηστῆρας
798 1043 875 1072 eos
906 1028 1213 1085 Agamemnon
1245 1036 1375 1071 vocat
1407 1043 1469 1071 vs.
1510 1030 1626 1083 391),
1661 1030 1781 1082 quod
1811 1029 1951 1071 omni-

235 1103 318 1143 bus
366 1101 547 1143 Graecis
593 1108 750 1154 postea
798 1107 891 1143 erat
932 1101 1084 1151 exitio,
1127 1101 1232 1154 quin
1274 1114 1406 1142 causa
1437 1113 1513 1142 cur
1547 1101 1671 1142 ducis
1702 1101 1837 1154 ipsius
1866 1100 1952 1142 filia

235 1180 353 1214 esset
393 1173 671 1214 immolanda.
714 1173 872 1227 Sperat
903 1173 1068 1215 idcirco
1100 1179 1225 1226 pater
1256 1173 1506 1228 Iphigeniae
1537 1173 1644 1223 fore,
1679 1179 1727 1214 ut
1761 1173 1822 1214 dii
1851 1172 1951 1214 talia

235 1245 453 1297 promissa
484 1245 654 1286 sincera
685 1258 773 1286 non
805 1245 1028 1286 haberent.

295 1315 410 1357 Fieri
457 1322 619 1370 potest,
668 1316 824 1358 iterum
867 1317 1029 1358 docere
1061 1317 1234 1358 videtur
1266 1322 1412 1369 poeta,
1456 1322 1504 1358 ut
1536 1316 1828 1357 iuramentum
1859 1316 1952 1358 nul-

234 1387 315 1429 lius
347 1388 403 1429 sit
436 1388 574 1441 pretii⁴
611 1387 664 1438 Is,
698 1388 772 1440 qui
803 1390 936 1435 κακῶς
967 1385 1036 1429 καὶ
1070 1384 1448 1437 ξυνηναγκασμένος
1469 1387 1638 1439 iuravit,
1659 1387 1951 1429 iureiurando

236 1461 321 1500 hoc
368 1458 476 1501 liber
522 1466 604 1502 est.
652 1459 753 1501 Non
786 1465 955 1501 temere
1002 1472 1098 1501 eam
1146 1460 1205 1501 ob
1249 1472 1427 1501 causam
1476 1459 1610 1500 debet
1643 1459 1784 1500 iurare
1817 1461 1951 1500 homo

235 1531 506 1584 imprudens,
539 1531 672 1572 futuri
700 1544 879 1584 prorsus
913 1532 1088 1587 ignarus
1119 1531 1261 1572 nescit
1297 1543 1444 1572 annon
1477 1543 1652 1572 servare
1684 1531 1951 1583 promissum

236 1603 376 1655 possit
397 1599 441 1658 ¹).

295 1673 391 1715 Iure
422 1673 567 1715 Hirzel
601 1686 642 1715 0.
675 1674 700 1715 l.
734 1687 775 1727 p.
808 1674 894 1727 65:
930 1666 1217 1725 „Uberblickt
1249 1686 1363 1725 man,
1396 1674 1616 1723 observat,
1648 1674 1764 1715 noch
1791 1672 1948 1715 einmal

236 1746 307 1787 die
353 1745 485 1796 Faue,
533 1746 576 1786 in
624 1746 768 1786 denen
816 1746 893 1786 der
940 1745 1023 1787 Eid
1064 1746 1186 1787 nicht
1228 1745 1375 1801 gelten
1417 1745 1526 1787 oder
1557 1746 1627 1787 ein
1660 1745 1803 1787 Bruch
1835 1746 1951 1787 ohne

235 1816 426 1858 Meineid
473 1816 662 1872 moglich
712 1817 806 1857 sein
853 1816 994 1863 sollte.
1044 1830 1169 1859 wenn
1207 1817 1278 1858 die
1309 1816 1596 1872 Ausfiihrung
1627 1830 1767 1872 gegen
1798 1817 1952 1873 irgend

235 1887 399 1930 welche
431 1887 621 1930 Gesetze
652 1888 874 1938 verstiess‚
906 1901 1033 1930 wenn
1065 1902 1112 1930 es
1144 1902 1215 1930 am
1249 1889 1429 1931 rechten
1463 1888 1621 1930 Willen
1654 1889 1761 1931 oder
1792 1902 1847 1930 an
1875 1889 1952 1931 der

234 1960 415 2014 notigen
462 1959 661 2001 Einsicht
709 1959 942 2015 mangelte‚
991 1960 1165 2002 endlich
1213 1972 1339 2002 wenn
1387 1960 1452 2001 vis
1494 1961 1632 2001 maior
1676 1960 1950 2002 dazwischen

236 2037 321 2072 trat
355 2062 545 2073 .....
552 2032 576 2047 ”

298 2126 352 2132 -
394 2101 462 2143 Vs.
495 2103 596 2153 948.
631 2101 823 2143 Achilles
857 2102 1124 2157 Iphigeniam
1147 2116 1196 2144 se
1213 2102 1497 2144 defensurum
1514 2102 1642 2154 iurat,
1661 2103 1781 2156 quod
1799 2115 1951 2156 quarn-

235 2185 367 2227 quam
415 2173 560 2215 facere
601 2187 690 2215 non
728 2180 890 2227 potest,
937 2174 1115 2215 minime
1157 2180 1247 2216 tam
1278 2175 1344 2216 ius
1375 2175 1607 2217 iurandum
1643 2175 1852 2217 violatum
1884 2181 1952 2216 est

236 2245 484 2287 dicendum.
520 2245 590 2286 Ex
623 2245 688 2295 iis,
721 2257 834 2298 quae
867 2245 987 2294 dicit,
1022 2246 1148 2287 facile
1179 2246 1264 2287 hoc
1296 2253 1479 2299 apparet
1496 2243 1544 2301 ²).

289 2432 322 2466 1)
361 2427 418 2463 De
454 2438 584 2470 causa,
624 2437 693 2463 cur
732 2428 829 2463 haec
867 2428 989 2463 verba
1016 2428 1319 2474 Agamemnonis
1347 2427 1654 2474 indignationem
1679 2439 1756 2464 non
1782 2430 1951 2466 movisse

237 2487 442 2522 videantur
468 2486 516 2522 cf.
542 2486 568 2522 S
584 2497 604 2522 c
620 2487 694 2522 hm
711 2487 800 2531 idt,
829 2486 948 2523 Ethik
976 2487 1007 2522 11
1036 2498 1071 2533 p.
1099 2499 1143 2531 9:
1171 2498 1240 2533 „so
1265 2487 1335 2522 hat
1354 2487 1451 2529 dies,
1468 2488 1593 2534 inquit
1607 2488 1803 2531 hic,darin
1817 2489 1951 2525 seinen

237 2546 381 2587 Grund.
420 2546 510 2582 dass
549 2556 591 2582 er
628 2547 760 2582 weder
791 2548 885 2594 jene
925 2547 1080 2593 knappe
1108 2546 1376 2582 Sentenzform
1403 2547 1510 2582 hatte
1537 2548 1639 2583 noch
1667 2549 1884 2595 uberhaupt
1909 2560 1952 2585 so

239 2606 460 2652 angesehen
488 2606 644 2641 werden
670 2607 828 2648 konnte‚
855 2606 910 2642 als
937 2606 1108 2642 enthalte
1135 2616 1177 2641 er
1197 2606 1260 2641 die
1275 2607 1411 2652 eigene
1426 2606 1608 2653 Meinung
1624 2607 1694 2642 des
1710 2606 1954 2653 Euripides.''

239 2664 338 2700 Nihil
376 2665 483 2701 iubet
521 2666 796 2712 Agamemnon.
835 2666 926 2701 nihil
967 2665 1151 2712 postulat,
1190 2666 1335 2701 conicit
1382 2668 1542 2707 tantum,
1582 2666 1804 2712 opinionem
1832 2667 1954 2703 affert.

240 2724 342 2759 Fieri
382 2725 499 2760 ctiam
538 2731 683 2771 potest,
721 2731 763 2761 ut
801 2727 1017 2762 communis
1057 2726 1190 2771 opinio
1217 2725 1387 2761 nonnihil
1415 2731 1521 2761 esset
1547 2731 1703 2762 mutata.
1730 2726 1838 2762 Multi
1864 2727 1953 2762 anni

240 2784 341 2819 enim
382 2784 570 2820 intersunt
609 2785 708 2820 inter
747 2796 887 2821 annum
930 2789 1010 2828 428,
1049 2796 1127 2831 quo
1168 2785 1402 2831 Hippolytus
1441 2786 1478 2820 in
1517 2795 1697 2821 scaenam
1739 2787 1856 2821 missa
1893 2791 1953 2822 est

241 2843 443 2888 tragoedia
480 2849 598 2890 atque
637 2855 724 2879 eum
753 2855 906 2889 annum,
933 2855 1012 2891 quo
1039 2845 1277 2890 Iphigeniam
1303 2844 1479 2879 Aulidam
1507 2845 1666 2880 immisit
1691 2851 1820 2891 poeta.
1846 2847 1953 2892 quod

241 2908 347 2937 certe
375 2908 463 2948 post
489 2913 522 2938 a.
549 2907 618 2944 ⁴06
643 2916 675 2939 a.
703 2903 797 2940 C.n.
824 2905 969 2940 tactum
997 2910 1067 2940 est.
1097 2904 1213 2950 Quod
1241 2914 1343 2939 anno
1370 2907 1438 2943 428
1465 2914 1495 2939 a.
1525 2903 1555 2940 C
1582 2915 1616 2939 n.
1644 2914 1759 2950 aegre
1787 2905 1953 2941 tulerant

242 2962 500 2997 Athenienses
537 2962 702 2999 fortasse
741 2964 875 3010 viginti
914 2964 1023 2999 annis
1062 2969 1152 3010 post
1190 2964 1255 2998 vix
1283 2963 1652 2999 animadverterunt.
1680 2964 1823 2999 Bellum
1850 2965 1951 3000 enim

241 3022 402 3057 interest
441 3032 704 3068 permagnum,
744 3033 822 3069 quo
863 3023 994 3069 populi
1034 3022 1204 3058 universi
1243 3033 1371 3058 mores
1406 3023 1573 3058 maxime
1601 3033 1687 3058 esse
1715 3023 1952 3070 depravatos

239 3090 375 3116 omnes
414 3080 494 3116 sere
533 3082 615 3117 eius
643 3082 783 3117 aetatis
809 3083 1023 3128 scriptores
1051 3087 1208 3118 narrant
1233 3082 1298 3126 (cf.
1325 3082 1374 3117 de
1402 3082 1474 3117 hac
1503 3093 1545 3118 re
1572 3082 1615 3117 Kv
1646 3083 1819 3129 Kuipe
1838 3094 1855 3118 r
1880 3095 1904 3119 o
1931 3084 1952 3119 Ι.

242 3150 277 3186 p.
317 3143 406 3179 116:
445 3140 546 3185 „Het
584 3141 616 3176 is
654 3141 703 3176 de
741 3141 1004 3188 onsterfelijke
1038 3142 1126 3177 stad
1153 3141 1270 3185 zelve,
1299 3141 1361 3176 die
1390 3142 1430 3177 in
1457 3142 1523 3177 dat
1551 3152 1647 3178 eene
1675 3142 1820 3188 tijdvak
1847 3153 1952 3179 meer

241 3199 316 3235 dan
343 3204 443 3235 twee
471 3199 603 3235 leveris
629 3199 740 3236 heeft
765 3200 1021 3247 doorleefd'').

292 3260 326 3302 2)
353 3258 399 3294 cf.
429 3270 505 3296 vss.
536 3269 636 3303 1⁴1⁴,
667 3268 765 3304 ¹⁴25·
