2392 3750
1232 325 1289 368 68

408 451 548 496 εἷδένοιι
591 453 698 507 λόγῳ
743 453 935 503 παλαιὰς
979 453 1093 496 τῶνδ’
1139 452 1348 506 ἁμαρτίας
1392 452 1526 505 δόμων
1548 452 1590 507 ¹).
1635 454 1693 498 Et
1734 453 2034 508 ἐκμαρτύρησον
2074 462 2118 499 et

409 525 643 578 προῦμοσοις
674 541 806 568 voces
840 533 941 568 sunt
974 541 1032 568 ex
1065 540 1147 568 usu
1180 526 1368 568 iudiciali
1400 533 1625 580 pernotae.
1664 527 1895 571 Vocabulo
1917 527 2120 579 ἐκμαρτυ-

407 601 482 648 ρεῒν
512 597 547 653 2)
594 599 756 640 indicat
790 599 912 653 virgo
944 612 992 640 se
1025 599 1268 639 narravisse
1301 597 1413 639 mala
1445 598 1640 651 pristina,
1675 598 1793 641 velut
1825 600 1860 641 si
1892 600 2118 651 adfuisset,

406 670 448 711 id
496 671 615 724 quod
663 670 793 723 paulo
840 677 942 723 post
990 669 1163 723 chorus,
1212 683 1479 724 quamquam
1523 670 1664 711 iurare
1706 683 1795 712 non
1837 670 1986 722 voluit,
2031 683 2120 712 non

406 747 537 796 negat
560 739 606 786 8).
641 741 835 783 Chorum
869 747 995 797 rogat
1025 740 1274 783 Cassandra
1307 747 1354 783 ut
1385 746 1588 790 testetur,
1621 743 1724 796 quia
1740 742 1835 795 ipsa
1850 755 1939 784 non
1957 742 2121 796 poterit

405 812 706 854 testimonium
739 813 857 854 dare.

463 881 692 935 προωμοσίικ
723 885 788 926 ius
822 884 1051 926 iurandum
1085 890 1178 925 erat
1213 884 1494 934 accusatoris,
1524 884 1592 925 cui
1624 897 1704 937 per
1735 882 1990 934 ἀντωμοσίαν
2006 897 2120 939 quae

405 956 646 1007 dicebatur,
689 969 789 997 reus
831 956 1131 1008 respondebat
1154 951 1202 1008 ²¹),
1251 955 1307 996 de
1350 969 1437 1010 qua
1470 969 1515 996 re
1546 955 1630 997 hoc
1662 955 1762 998 loco
1793 962 1942 998 tamen
1973 966 2121 998 sermo

404 1039 493 1067 non
525 1033 604 1067 est.
641 1026 886 1069 Cassandra
920 1033 1091 1068 tantum
1126 1032 1265 1081 rogat,
1296 1032 1344 1068 ut
1361 1028 1452 1068 iure
1471 1028 1655 1068 iurando
1673 1028 1833 1069 chorus
1850 1024 2120 1078 ἐκμαρτυρίαν

404 1098 605 1150 affirmet,
655 1099 774 1152 quod
822 1099 864 1140 in
907 1098 1070 1140 iudicio
1113 1098 1300 1140 Athenis
1343 1098 1474 1140 etiam
1519 1098 1613 1139 fieri
1658 1098 1828 1141 solebat
1844 1097 1898 1154 ³).
1941 1099 2120 1141 Minime

405 1169 564 1211 chorus
596 1170 663 1211 vel
696 1170 942 1212 Cassandra
973 1170 1138 1210 crimen
1170 1170 1226 1210 ad
1256 1169 1423 1211 iudices
1455 1170 1611 1211 defert.

463 1240 635 1283 Chorus
677 1242 717 1283 ei
748 1255 836 1283 non
869 1242 1123 1292 obsecutus,
1167 1247 1355 1285 recusat.
1396 1241 1474 1284 Vs.
1514 1250 1622 1294 1197
1655 1239 1723 1282 καὶ
1755 1243 1840 1288 πῶς
1872 1238 1936 1294 ἂν,
1965 1242 2119 1297 inquit,

700 1316 821 1363 πῆμα
852 1310 977 1364 ὅρκοις
1009 1310 1198 1361 γενναίως
1230 1310 1362 1361 παγέν
1396 1310 1580 1354 παιώνιον
1613 1312 1790 1362 γένοιτ-ος

462 1385 666 1438 Veretur‚
708 1398 764 1426 ne
803 1385 1012 1426 damnum
1057 1385 1153 1437 ipso
1192 1386 1437 1426 iuramento
1471 1385 1755 1428 confirmetur
1777 1383 1825 1440 ⁸),
1858 1387 1997 1427 maius
2029 1385 2118 1436 fiat,

403 1457 522 1511 quod
555 1457 734 1498 minime
765 1457 1011 1509 prodesset.
1046 1455 1297 1497 Iuramento
1331 1469 1443 1510 opus
1477 1469 1566 1498 non
1603 1463 1684 1505 est,
1707 1457 1810 1511 quia
1826 1457 2014 1499 salutare
2030 1469 2121 1499 non

453 1650 485 1687 ι)
513 1647 583 1693 Ag.
606 1656 694 1691 1195
709 1646 827 1681 lectio
842 1651 902 1682 est
918 1646 1087 1682 incerta:
1112 1647 1152 1679 τὸ
1162 1644 1319 1687 μέἷδέναι
1347 1646 1395 1682 W
1411 1656 1432 1681 e
1448 1657 1469 1682 c
1483 1646 1510 1681 k
1524 1646 1534 1681 l
1548 1657 1569 1682 e
1585 1647 1635 1682 in
1650 1664 1664 1671 ·
1678 1647 1712 1682 V
1726 1648 1738 1681 i
1752 1651 1767 1682 t
1782 1657 1802 1682 e
1817 1646 1851 1682 11
1868 1647 1897 1690 i;
1923 1643 2119 1688 τῷδέἷδίναι

402 1707 698 1748 Wecklein,
739 1706 894 1742 Orestie
935 1717 999 1752 pp.
1044 1717 1120 1747 ιιι,
1163 1716 1226 1751 ι53
1266 1705 1329 1751 (cf.
1358 1705 1466 1742 stud.
1493 1717 1528 1752 p.
1558 1708 1615 1751 7);
1652 1706 1751 1742 Weil
1775 1707 1815 1739 τὸ
1842 1706 1888 1747 μὴ
1913 1705 2029 1739 εἰδέναι
2055 1706 2120 1752 (ef.

402 1769 565 1814 Anhang
591 1766 746 1803 Orestie
774 1766 977 1801 Wecklein
1005 1777 1040 1811 p.
1074 1765 1156 1810 185)
1181 1765 1290 1812 Lego
1320 1775 1408 1800 cum
1435 1765 1638 1801 Wecklein
1663 1764 1742 1808 τῷδ’
1766 1764 1895 1798 εἰδέναι.

448 1826 533 1861 Iure
559 1826 618 1862 W.
647 1827 786 1861 vertit:
813 1826 991 1862 schwore
1018 1825 1098 1860 und
1124 1825 1296 1871 bezeuge
1323 1825 1436 1866 dann,
1464 1825 1557 1860 dasz
1580 1826 1630 1860 du
1644 1826 1707 1860 die
1721 1825 1824 1861 alten
1838 1825 1975 1861 Frevel
1991 1826 2121 1862 dieses

401 1886 554 1921 Hauses
581 1897 650 1921 aus
677 1886 824 1921 meiner
850 1885 970 1930 Rede,
999 1885 1071 1920 wie
1099 1895 1176 1920 von
1202 1885 1310 1920 einer
1336 1885 1613 1932 Augenzeugin
1638 1886 1816 1921 erfahren
1843 1886 1942 1921 hast.

449 1945 484 1991 2)
523 1946 739 1987 ἐκμαρτυρεῖν,
775 1946 912 1981 testari
953 1945 1109 1991 aliquid,
1149 1945 1257 1991 quod
1295 1945 1382 1991 quis
1422 1956 1499 1980 non
1539 1945 1625 1990 ipse
1663 1945 1773 1987 vidit,
1811 1945 1883 1980 sed
1921 1945 1970 1980 ab
1995 1944 2119 1981 altero

401 2006 548 2041 audivit
589 2006 637 2041 cf.
677 2005 965 2041 Thalheim
1006 2016 1039 2040 a.
1080 2005 1197 2040 P.-W.
1234 2005 1256 2041 i.
1284 2017 1317 2039 v.
1345 2004 1540 2045 ἐκμαρτυρίαι
1567 2004 1653 2040 coll.
1681 2015 1771 2048 2213
1798 2016 1883 2051 sqq.
1913 2005 2122 2040 Schoin-

401 2065 542 2111 Lips.
582 2065 646 2102 Gr.
686 2066 951 2100 Alterthiimer
976 2064 1028 2108 1⁴,
1055 2075 1091 2110 p.
1121 2074 1213 2110 5²93
1240 2064 1662 2106 Meier-Schom,
1690 2075 1722 2099 o.
1749 2063 1770 2099 1.
1798 2075 1835 2110 p.
1863 2066 1955 2108 879:
1994 2063 2120 2099 Wenn

401 2126 494 2161 aber
532 2126 763 2172 diejenigen,
802 2125 869 2160 auf
903 2125 1025 2159 deren
1064 2124 1251 2170 Zeugniss
1291 2134 1405 2158 mann
1432 2123 1516 2159 sich
1544 2123 1672 2158 berief
1692 2123 1815 2159 durch
1842 2123 2120 2159 Abwesenheit

401 2185 498 2221 oder
522 2185 741 2220 Krankheit
769 2184 975 2230 gehindert
1004 2194 1133 2219 waren
1162 2183 1386 2230 personlich
1413 2195 1460 2219 zu
1489 2183 1732 2225 erscheinen‚
1755 2193 1801 2218 so
1829 2188 1975 2219 musste
2002 2183 2118 2218 ihnen

400 2245 482 2280 ihre
509 2245 686 2290 Aussage
712 2245 764 2279 im
791 2244 945 2279 Beisein
972 2244 1120 2289 einiger
1148 2243 1436 2289 zuverlzissigen
1463 2242 1588 2278 Leute
1603 2242 1819 2278 schriftlich
1834 2243 2119 2289 abgenommen

401 2303 558 2339 werden
595 2303 674 2338 und
714 2303 821 2338 diese
849 2306 1025 2338 miissten
1052 2302 1264 2347 dieselben,
1292 2312 1404 2337 wenn
1431 2304 1487 2337 sie
1515 2313 1562 2338 zu
1589 2302 1665 2337 den
1690 2302 1813 2337 Acten
1840 2301 1969 2348 gelegt
1999 2301 2119 2348 ward,

400 2363 575 2410 zugleich
601 2363 725 2398 durch
751 2363 811 2397 ihr
836 2362 1033 2408 Zeugniss,
1061 2362 1153 2398 dass
1181 2363 1236 2397 sie
1267 2361 1443 2397 wirklich
1469 2373 1525 2404 so,
1555 2363 1627 2397 wie
1654 2362 1710 2398 sie
1735 2362 1991 2408 beigebraeht
2022 2372 2120 2398 wor-

399 2424 476 2459 den
503 2434 592 2465 war,
620 2423 659 2458 in
686 2423 790 2458 ihrer
817 2422 1052 2469 Gegenwart
1079 2422 1259 2468 abgelegt
1286 2422 1446 2458 worden
1472 2423 1541 2467 sei,
1568 2422 1825 2469 bekraftigen.
1851 2421 1993 2457 Solche
2020 2421 2118 2458 Aus-

399 2493 491 2530 sage
530 2483 708 2518 Kranker
745 2483 842 2518 oder
880 2482 1147 2518 Abwesender
1185 2482 1290 2517 hiess
1330 2481 1529 2523 ἐκμαρτυρίαι
1569 2481 1616 2517 cf.
1644 2481 1734 2517 Poll.
1761 2481 1856 2525 VIII,
1884 2484 1952 2525 365
1989 2480 2116 2528 Etym.

399 2543 447 2578 M.
476 2553 555 2586 324,
586 2554 625 2586 1;
653 2542 850 2578 Suidas
876 2542 899 2577 i.
931 2553 966 2579 v.

448 2609 484 2645 3)
510 2602 558 2638 cf.
585 2614 642 2639 vs.
672 2613 761 2637 1200
786 2601 890 2643 ὥσπερ
914 2601 943 2634 εἶ
967 2601 1198 2643 παρεστάτεις.

447 2664 483 2705 4)
511 2662 559 2697 cf.
585 2661 998 2697 Meier-Schom
1025 2672 1090 2707 pp.
1119 2664 1199 2702 826,
1227 2664 1306 2704 827.

449 2720 485 2769 5)
511 2722 569 2757 De
590 2722 672 2757 iure
698 2722 862 2757 iurando
888 2722 1047 2768 testium
1074 2720 1122 2756 cf.
1151 2720 1426 2755 Meier-Sc
1442 2720 1572 2755 horn.
1603 2731 1638 2755 o.
1666 2720 1686 2754 1.
1714 2722 1794 2765 885.

446 2783 483 2817 6)
510 2781 648 2816 Lectio
686 2785 747 2816 est
785 2781 958 2816 incerta:
998 2780 1103 2815 MSS.
1145 2778 1235 2820 ὅρκος
1260 2781 1367 2820 πῆμα.
1399 2779 1470 2814 Au
1486 2790 1503 2813 r
1519 2784 1609 2814 atu
1625 2790 1643 2814 s
1670 2778 1758 2819 ὅρκου
1783 2780 1892 2819 πῆμα.
1917 2778 2118 2817 Weckl.

399 2840 498 2875 Vit.
546 2839 634 2881 ὅρκου
675 2842 810 2881 πῆγμα,
858 2840 966 2886 quod
1018 2840 1050 2874 si
1089 2839 1252 2885 legimus
1290 2839 1378 2874 voci
1416 2837 1525 2880 παγέν
1565 2839 1666 2874 inest
1702 2839 1760 2874 vis
1799 2838 2029 2874 concessiva
2066 2839 2116 2874 cf.

400 2900 593 2935 Wecki.
621 2899 699 2936 Or.
734 2910 771 2945 p.
801 2911 887 2935 111:
916 2899 952 2935 d.
978 2902 1002 2934 i.
1031 2909 1116 2945 mag
1142 2898 1213 2933 der
1237 2898 1312 2933 Eid
1340 2898 1441 2933 auch
1469 2899 1538 2933 mit
1566 2898 1668 2934 noch
1695 2909 1740 2934 so
1754 2897 2023 2944 aufrichtigem
2037 2898 2117 2934 und

400 2960 694 3006 wahrhaftigem
721 2959 838 2995 Sinne
865 2959 1121 3006 geschworen
1147 2958 1242 2994 sein.
1310 2947 1312 2953 ¹

446 3019 582 3055 Melius
610 3019 702 3054 mihi
727 3019 881 3054 videtur
907 3029 996 3054 cum
1019 3018 1136 3054 codd.
1164 3018 1312 3063 legere:
1339 3020 1437 3059 πῆμα
1463 3023 1503 3053 et
1528 3018 1670 3053 deinde
1697 3029 1769 3064 pro
1783 3017 1870 3059 ὅρκος
1883 3017 2116 3064 Spem-,quod

399 3080 432 3114 si
473 3079 515 3114 fit
546 3077 696 3111 παιώνιον
734 3090 788 3114 vs.
831 3080 921 3122 1¹98
960 3083 1021 3114 est
1047 3089 1119 3124 pro
1141 3078 1398 3123 substantivo,
1424 3083 1463 3113 et
1489 3079 1587 3119 πῆμα
1611 3078 1762 3120 γενναίως
1788 3080 1894 3119 παγέν
1920 3078 2116 3124 appositio

401 3138 450 3173 ad
475 3138 560 3179 ὅρκος
581 3148 589 3174 t
617 3138 714 3179 ὅρκος,
740 3140 835 3180 πῆμα
861 3138 1016 3180 γενναίως
1041 3139 1159 3179 παγέν,
1184 3135 1405 3174 παιώνιον...
1420 3162 1428 3171 .
1466 3137 1613 3172 Vetto:
1646 3137 1734 3184 Quo
1761 3138 1879 3173 modo
1905 3138 1965 3172 ius
1990 3138 2116 3173 iuran-

401 3197 503 3239 dum,
541 3197 723 3232 damnum
762 3197 935 3240 (malum)
973 3208 1089 3243 quam
1118 3197 1287 3232 maxime
1315 3196 1583 3232 confirmatum
1610 3197 1632 3232 i.
1660 3207 1692 3234 e.
1719 3197 1850 3233 damni
1877 3195 1998 3243 (mali)
2023 3206 2115 3233 con·

400 3256 566 3293 firmatio
592 3257 774 3302 maxima,
800 3256 975 3303 (aliquid)
1006 3256 1246 3293 salutiferum
1273 3267 1361 3292 esse
1389 3257 1545 3303 potest?
