2392 3750
1150 374 1204 419 73

390 498 484 541 Vss.
516 501 605 551 484
650 500 725 542 ubi
758 513 838 541 rex
868 511 1035 552 poenas
1066 497 1255 539 minatur
1286 496 1538 552 Antigonae
1571 503 1615 539 et
1649 498 1747 550 758,
1782 498 1855 539 ubi
1885 496 2038 551 Olym-

321 585 426 625 pum
457 577 647 613 testatus
679 570 767 612 filio
799 570 1042 611 Haemoni:
1075 567 1118 609 οὐ
1154 567 1322 619 χαίρων,
1355 570 1508 623 inquit,
1543 567 1612 609 ἐπὶ
1646 566 1810 619 ψόγοισι
1842 566 2038 615 δεννάσεις

320 641 405 694 ἐμέ,
464 644 569 684 satis
626 642 868 684 ostendunt
909 642 1085 695 saepius
1132 646 1300 683 temere
1355 640 1573 683 Creonem
1622 641 1763 683 iurare
1817 641 2039 684 iracundia

321 720 609 756 commotum.

386 783 488 827 Oed.
522 784 576 826 R.
609 786 698 836 644
728 798 825 840 sqq.
873 783 987 827 Creo
1030 790 1172 825 semet
1215 785 1362 837 ipsum.
1402 791 1671 836 exsecratur,
1705 785 1741 826 si
1773 785 1964 838 quadam
1995 786 2038 826 in

322 870 367 898 re
400 869 549 912 regem
580 856 767 908 laeserit,
800 855 963 910 aliquid
995 862 1148 897 contra
1164 869 1265 896 eum
1281 856 1519 898 admiserit.
1550 855 1666 898 Nihil
1683 858 1832 898 tamen
1850 856 2037 910 proficit,

321 941 407 983 qua
446 928 502 970 de
548 941 680 970 causa
722 927 890 970 Iocaste
923 927 1140 978 maritum,
1186 933 1234 969 ut
1266 927 1398 968 fidem
1432 928 1553 969 fratri
1585 927 1759 981 habeat,
1793 928 2037 969 admonens

619 994 647 1039 ὦ
678 998 774 1051 πρὸς
805 995 922 1050 θεῶν,
956 998 1111 1052 inquit,
1147 996 1375 1045 πίστευσον,
1409 997 1598 1045 Οἰδίπους
1630 997 1728 1040 τάδε

617 1068 806 1120 μάλιστα
841 1069 916 1120 μὲν
948 1067 1050 1110 τόνδ’
1084 1067 1188 1122 ὅρκον
1223 1067 1428 1117 αἰδεσθεὶς
1461 1068 1564 1112 θεῶν

619 1140 764 1183 ἔπειτα
796 1155 890 1196 sqq.

381 1213 434 1256 Ei
481 1215 718 1256 assentitur
761 1213 921 1255 chorus
963 1212 1182 1256 Creonem
1225 1212 1291 1255 τὸν
1332 1211 1419 1254 οὔτε
1466 1212 1558 1265 πρὶν
1599 1213 1730 1263 νήπιον
1773 1215 1940 1265 dicens,
1972 1215 2038 1254 νῦν

320 1285 417 1327 τ’ἒν
460 1283 558 1338 ὅρκῳ
599 1284 735 1335 μέγαν
777 1292 820 1327 et
863 1292 966 1339 post
1008 1284 1072 1326 τὸν
1112 1284 1239 1335 ἐναγῆ
1270 1283 1391 1337 φίλον
1425 1284 1466 1339 ¹),
1512 1300 1536 1328 e
1573 1287 1732 1341 quibus
1764 1286 1909 1328 verbis
1942 1286 2038 1328 luce

320 1358 477 1401 clarius
509 1358 785 1414 intellegitur,
818 1358 970 1412 quanti
1003 1358 1069 1399 ius
1101 1357 1332 1399 iurandum
1365 1359 1564 1400 ducatur.

379 1430 478 1472 Rex
510 1430 632 1472 chori
663 1430 880 1484 precibus,
913 1442 1013 1471 cum
1046 1430 1304 1482 praesertim
1337 1430 1406 1471 hic
1438 1431 1529 1471 iure
1561 1430 1744 1472 iurando
1762 1429 1895 1471 fidem
1912 1442 2036 1471 suam

320 1503 570 1556 probaverit
587 1499 636 1557 2),
678 1501 878 1556 quamvis
919 1501 1080 1542 invitus
1121 1503 1297 1552 cedens,
1348 1501 1566 1544 Creonem
1608 1501 1872 1555 impunitum
1915 1501 2038 1543 abire

319 1574 434 1624 sinit,
482 1574 583 1615 licet
631 1566 764 1614 etiam
811 1579 916 1614 tunc
964 1573 1053 1614 irae
1100 1573 1355 1628 indulgens:
1395 1569 1519 1620 οὗτος,
1556 1574 1703 1625 addat,
1737 1571 1771 1614 δ’
1791 1570 1879 1614 ἐνθ’
1917 1569 1966 1613 ἂν
2000 1569 2037 1624 ᾖ,

319 1644 582 1694 στυγήσετοιι.

379 1716 618 1759 Notatione
661 1717 841 1772 dignum
883 1721 949 1757 est
988 1729 1137 1772 regem
1169 1716 1279 1758 haec
1311 1717 1657 1770 respondentem
1691 1730 1779 1758 non
1812 1717 1958 1759 dicere
1989 1730 2037 1758 se

319 1788 479 1831 Creoni
510 1801 599 1830 non
631 1788 824 1830 credere.
859 1787 974 1829 Fieri
1007 1794 1170 1841 potest,
1204 1794 1252 1829 ut
1286 1788 1390 1830 iuris
1420 1789 1588 1831 iurandi
1617 1789 1859 1830 reverentia
1876 1788 2037 1830 ductus

319 1860 428 1902 haec
460 1860 647 1901 omittat.
681 1859 787 1902 Post
820 1860 936 1901 enim
970 1860 1102 1902 verba
1134 1860 1327 1902 locastae
1360 1861 1483 1915 (646)
1515 1859 1722 1902 πίστευσον
1749 1867 1833 1902 etc.
1854 1866 1898 1902 et
1916 1860 2037 1902 chori

320 1931 440 1985 (649)
482 1928 605 1972 πιθοῦ
647 1937 731 1973 etc.
776 1944 923 1987 regem
967 1932 1169 1973 dubitare
1213 1933 1430 1989 audimus,
1472 1934 1636 1987 quippe
1669 1933 2035 1986 respondentem:

318 2001 362 2044 τί
391 2017 449 2044 σοι
483 2000 618 2050 θέλεις
649 2001 736 2051 δῆτ’
771 1999 945 2055 &incisum
979 2009 1023 2045 et
1056 2004 1246 2058 denique
1280 2005 1374 2058 ipse
1407 2005 1655 2056 confitetur,
1690 2005 1733 2046 id
1765 2005 1886 2059 quod
1912 2017 2037 2058 spec-

319 2082 486 2118 tatores
518 2076 603 2117 iam
635 2075 710 2117 diu
743 2081 1080 2128 prospexerant,
1114 2089 1163 2117 se
1195 2076 1422 2117 erravisse.

382 2171 435 2177 -—
475 2148 586 2190 1086
614 2159 719 2201 sqq:
749 2146 910 2188 chorus
942 2159 1047 2188 sane
1080 2147 1184 2188 iuris
1202 2147 1370 2190 iurandi
1388 2148 1620 2190 formulam
1637 2154 1832 2201 usurpat,
1857 2147 2036 2189 minime

320 2226 469 2262 tamen
517 2219 560 2260 in
603 2220 750 2261 animo
792 2218 959 2260 habens
993 2232 1038 2260 re
1080 2232 1183 2260 vera
1217 2220 1380 2271 iurare;
1415 2220 1678 2262 exclamatio
1709 2219 1856 2275 gaudii
1887 2221 2035 2273 potius

318 2292 412 2334 eius
445 2292 580 2333 verba
610 2290 813 2332 habenda
843 2297 944 2332 sunt
977 2291 1209 2332 iuramenti
1243 2291 1429 2332 formula
1462 2291 1629 2332 inclusa
1647 2287 1697 2344 ³).

383 2359 487 2405 Oed.
532 2358 619 2403 Col.
666 2370 775 2414 521:
821 2359 1035 2414 Oedipus
1062 2362 1194 2403 deum
1238 2368 1425 2404 testatus
1467 2369 1690 2404 asseverat
1722 2375 1771 2404 se
1802 2375 2036 2404 aerumnas

319 2446 579 2488 perpessum
611 2446 710 2474 esse
742 2433 940 2475 invitum.
976 2431 1132 2484 Causa,
1165 2447 1242 2475 cur
1275 2440 1365 2475 tam
1398 2447 1601 2491 magnam
1633 2441 1815 2488 usurpet
1846 2434 2035 2476 affirma·

319 2506 499 2557 tionem,
531 2518 621 2546 non
652 2505 791 2547 adest.

383 2601 433 2607 —
468 2577 576 2629 650:
622 2577 741 2618 idem
783 2573 902 2622 οὗτοι,
947 2576 1088 2630 inquit
1121 2577 1158 2616 σ·
1193 2575 1433 2629 (Theseum
1465 2577 1544 2630 sc.)
1578 2575 1650 2628 ὑφ’
1688 2573 1799 2628 ὅρκου
1831 2576 1880 2623 ὡς
1911 2575 2033 2618 κακὸν

318 2646 589 2698 marcho-oum,
631 2648 748 2690 unde
793 2654 976 2701 apparet
1023 2648 1155 2689 etiam
1189 2648 1314 2689 malis
1347 2649 1448 2690 viris
1481 2648 1631 2690 iuratis
1667 2649 1800 2690 fidem
1827 2649 1979 2691 haberi
2010 2662 2035 2691 a

320 2720 413 2762 viro
445 2719 592 2762 nobili.
626 2718 697 2761 An
730 2719 837 2761 haec
870 2719 1004 2760 verba
1036 2717 1280 2773 Oedipodis
1313 2721 1416 2762 iuris
1448 2720 1617 2763 iurandi
1648 2721 1735 2763 sint
1752 2720 2033 2773 obtrectatio,

373 2889 404 2931 ι)
429 2886 480 2923 cf.
506 2886 551 2923 Ο,
578 2885 622 2923 R.
648 2887 729 2931 651,
756 2887 838 2931 656.

369 2950 406 2989 2)
431 2946 480 2982 ef.
506 2945 553 2982 Ο.
580 2944 624 2983 R.
650 2947 723 2981 660
750 2955 835 2991 sqq.
864 2944 913 2980 cf.
940 2944 993 2991 Je
1009 2945 1072 2981 bb
1099 2955 1136 2982 o.
1161 2944 1182 2980 1.
1210 2945 1275 2992 qui
1303 2946 1391 2981 voci
1418 2947 1535 2987 πρόμος
1561 2946 1760 2984 adnotavit
1788 2948 1908 2985 haec:
1929 2955 2034 2986 stan-

321 3006 412 3054 ding
438 3005 628 3042 foremost
653 3005 691 3040 in
717 3004 783 3040 the
810 3003 1000 3052 heavenly
1026 3005 1154 3050 ranks,
1183 3010 1284 3041 most
1312 3006 1563 3052 conspicious
1590 3012 1630 3042 to
1659 3007 1724 3043 the
1751 3018 1843 3055 eyes
1871 3009 1915 3045 of
1926 3020 2033 3053 men;

320 3066 386 3103 the
427 3065 516 3110 god,
556 3065 643 3101 who
683 3074 770 3100 sees
807 3064 854 3100 311
892 3064 1021 3110 things
1056 3064 1132 3100 and
1158 3064 1273 3100 hears
1298 3064 1344 3100 311
1372 3065 1501 3112 things
1530 3065 1578 3101 cf.
1606 3066 1644 3111 11,
1672 3066 1731 3112 111,
1758 3078 1850 3112 277;
1878 3068 2034 3116 Soph.

320 3125 458 3162 Trach.
488 3135 563 3160 102.

370 3188 406 3229 3)
432 3184 474 3220 cs
507 3183 554 3220 O.
580 3183 623 3220 R.
655 3184 766 3219 1086:
792 3182 879 3225 u'lmp
905 3183 969 3224 ἑγὼ
995 3184 1114 3225 μάντις
1140 3183 1209 3224 ’1μῖ
1234 3186 1323 3217 κατὰ
1347 3183 1483 3226 γνώμαν
1502 3183 1581 3227 ’ἴδρις

796 3243 832 3275 οὗ
856 3244 912 3276 τὸν
938 3247 1115 3284 ’Ὄλυμπον
1140 3243 1287 3285 ἀπείρων,
1313 3241 1336 3276 ὦ
1365 3243 1522 3286 Κιθαιρῶν

793 3300 850 3335 οὔκ
872 3300 932 3346 ’ἔσῃ
963 3328 1110 3340 .....
