2392 3750
1138 350 1194 404 67

372 489 442 532 De
474 486 633 530 Phoen.
671 497 783 538 1240
813 499 945 539 supra
975 485 1062 526 iam
1094 484 1176 525 fuit
1207 497 1368 525 sermo.

371 561 418 603 In
475 559 730 602 iuramentis
788 557 992 611 privatim
1039 556 1189 597 iuratis
1242 561 1470 608 praeterea
1511 553 1754 608 apparebit,
1802 550 2026 606 complura

313 646 466 675 eorum
510 630 840 686 quodammodo
884 628 1120 670 cohaerere
1163 640 1263 669 cum
1313 628 1372 668 rei
1415 626 1615 680 publicae
1648 625 1844 666 moribus
1877 623 2027 665 iudici-

311 705 463 746 alibus,
496 702 842 758 Tragoediamm
874 712 1091 754 personae
1121 705 1283 746 tamen,
1317 697 1488 739 etiamsi
1519 698 1607 738 sint
1640 710 1766 752 reges
1798 695 1865 737 vel
1892 695 2026 750 magi-

312 782 490 829 stratus,
538 774 668 830 vulgo
714 786 803 815 non
853 778 988 828 agunt
1035 784 1116 824 pro
1159 771 1358 824 imperio,
1406 770 1666 824 plerumque
1692 774 1794 810 sunt
1827 768 2027 810 homines

311 848 467 902 privati
499 847 542 889 in
574 859 779 888 scaenam
811 857 911 886 cum
943 843 1221 885 inducuntur.

915 1153 966 1193 Β.
994 1154 1050 1192 In
1080 1153 1181 1192 vita
1211 1153 1414 1201 privata.

370 1399 504 1454 Apud
550 1397 909 1452 Aeschylum
956 1399 1202 1439 iuramenta
1247 1399 1283 1439 si
1325 1399 1613 1440 observamus
1657 1412 1684 1439 a
1714 1398 1816 1439 viris
1846 1397 2029 1451 privatis

310 1472 439 1525 datis,
472 1478 520 1513 ut
551 1471 658 1526 quid
689 1470 861 1512 valeant
893 1475 1124 1520 statuatur,
1157 1469 1300 1523 primo
1333 1469 1432 1511 loco
1465 1470 1773 1524 inquirendum
1806 1475 1875 1511 est
1901 1469 1944 1510 in
1962 1469 2029 1510 ius

310 1544 540 1586 iurandum
572 1542 904 1595 Parthenopaei,
937 1542 1011 1595 qui
1042 1547 1217 1595 optans,
1250 1547 1299 1583 ut
1330 1541 1555 1583 Thebanis
1588 1554 1846 1595 persuasum
1878 1541 1948 1591 sit,
1981 1554 2029 1582 se

310 1617 465 1658 urbem
512 1627 664 1656 eorum
711 1614 753 1654 vi
799 1626 1093 1668 agressurum,
1135 1625 1224 1654 non
1269 1612 1410 1655 solum
1445 1614 1584 1655 minas
1616 1613 1801 1655 effundit
1834 1626 2028 1668 magnas,

309 1688 389 1730 sed
421 1686 569 1740 etiam,
602 1699 692 1740 quo
723 1686 917 1726 maxima
948 1698 1098 1726 earum
1131 1690 1250 1727 esset
1282 1686 1347 1726 vis
1379 1685 1471 1726 iure
1503 1685 1686 1727 iurando
1717 1685 1795 1727 has
1824 1684 2027 1726 affirmat.

310 1756 462 1808 ὄμνυσι,
494 1757 632 1812 inquit
665 1758 857 1807 nuntius,
880 1755 916 1812 ¹)
950 1754 1149 1807 δὀιὶχμὴν
1169 1791 1175 1796 .
1198 1787 1208 1798 .
1230 1788 1237 1797 .
1258 1751 1311 1803 ,ἦ
1342 1754 1420 1806 μὴν
1453 1752 1656 1804 λαπάξειν
1691 1753 1799 1797 ἄστυ
1817 1753 2030 1806 Καδμείων

309 1828 389 1883 βίᾳ
433 1827 540 1876 Διός.
584 1829 739 1880 Minas,
783 1828 884 1870 licet
926 1830 1018 1870 iure
1061 1828 1244 1870 iurando
1291 1828 1585 1877 confirmatas,
1635 1841 1838 1883 magnam
1870 1829 2031 1869 habere

309 1903 614 1945 auctoritatem
657 1914 746 1942 non
787 1906 982 1954 apparet.
1038 1900 1219 1942 Minime
1257 1901 1308 1942 iis
1346 1900 1605 1954 perterritus
1649 1900 1855 1942 Eteocles
1897 1901 2028 1953 cedit,

309 1975 474 2030 quippe
505 1975 579 2028 qui
611 1973 902 2026 respondeat:

667 2042 700 2084 εἰ
731 2041 814 2095 γὰρ
846 2041 1013 2095 τύχοιεν
1045 2039 1094 2084 ὧν
1126 2044 1312 2096 φρονοῦσι
1343 2042 1440 2094 πρὸς
1471 2040 1572 2084 θεῶν

666 2114 804 2162 αὐτοῖς
835 2113 988 2162 ἐκείνοις
1019 2113 1182 2162 οὶνοσίοις
1216 2111 1533 2166 κομπάσμασιν·

668 2183 691 2235 ἦ
722 2184 800 2228 τᾶν
832 2185 1033 2233 πανώλεις
1066 2184 1301 2236 παγκάκως
1333 2185 1522 2228 τόλοίοιτο

309 2267 355 2303 et
386 2261 548 2303 deinde
577 2260 875 2302 adversarium
909 2260 948 2301 ei
981 2265 1179 2313 opponat
1211 2258 1440 2301 Actorem.

367 2342 453 2399 Ag.
501 2352 608 2398 1195
658 2341 955 2394 ἐκμαρτύρησον
1003 2342 1253 2386 Cassandra
1296 2342 1479 2384 chorum
1523 2349 1634 2393 orat,
1667 2341 1901 2394 προῦμοσοις
1933 2342 2028 2396 τῷδ’

308 2575 368 2611 sui
405 2575 498 2611 iuris
535 2575 677 2611 dehinc
715 2574 809 2615 fore.
849 2574 896 2610 cf.
940 2573 1120 2609 Hiller
1156 2585 1193 2609 v.
1234 2572 1615 2619 Gaertringen
1655 2574 1759 2620 apud
1796 2574 1833 2610 Ρ.
1860 2575 1919 2611 W.
1946 2575 1969 2613 i.
1997 2587 2031 2611 v.

310 2634 477 2681 Delphoi
517 2634 588 2671 col.
620 2636 732 2680 1558:
762 2634 856 2669 Dies
882 2634 1080 2674 benutzte,
1109 2634 1181 2668 wie
1210 2643 1252 2668 es
1282 2633 1437 2668 scheint
1462 2633 1698 2678 Alcibiades,
1725 2634 1866 2670 dessen
1893 2645 2029 2681 grosze

308 2693 450 2730 Politik
488 2694 632 2741 gerade
670 2696 708 2729 in
748 2694 856 2729 diese
896 2693 977 2728 Zeit
1006 2692 1097 2730 faut.
1125 2692 1263 2739 Delphi
1280 2692 1365 2738 geht
1390 2692 1468 2737 auf
1491 2694 1601 2728 kurze
1629 2693 1712 2728 Zeit
1734 2697 1774 2729 in
1800 2694 2033 2731 Athenis-clus

308 2753 555 2789 Fahrwasser
593 2754 690 2789 u‘ber.
731 2752 802 2788 Die
842 2752 1064 2788 Anzeichen
1103 2752 1245 2788 hierfiir
1284 2752 1370 2787 sind
1412 2752 1545 2787 bisher
1583 2754 1708 2799 wenig
1734 2754 1919 2790 beaehtet
1945 2766 2030 2801 sqq.

309 2811 359 2848 cs.
398 2812 568 2848 Dittenb.
609 2812 696 2860 Syn.
735 2812 760 2847 1.
791 2812 854 2848 Gr.
872 2811 895 2847 ².
936 2811 997 2847 N0.
1028 2823 1083 2855 20,
1116 2823 1180 2857 pp.
1210 2822 1264 2855 33,
1293 2823 1377 2857 sqq.
1408 2822 1535 2858 neque
1566 2813 1703 2847 mirum
1730 2818 1790 2849 est
1818 2813 2031 2861 Euripi-

308 2871 433 2917 dem,
460 2872 525 2919 qui
551 2872 624 2907 hac
651 2876 780 2908 aetate
810 2872 998 2908 Hiketides
1023 2882 1114 2907 suas
1140 2872 1177 2907 in
1201 2882 1383 2907 scaenam
1414 2871 1518 2907 misit
1544 2882 1659 2907 versu
1685 2871 1843 2909 laudato
1858 2873 2031 2919 Delphos

307 2930 458 2967 honore
495 2930 686 2967 affecisse.
724 2930 945 2977 Tragoedia
978 2941 1149 2977 quoque,
1178 2930 1247 2967 Ion
1274 2940 1374 2976 quae
1402 2931 1626 2966 inscribitur
1652 2931 1765 2967 huius
1792 2938 1853 2968 est
1879 2934 2029 2969 aetatis.

309 2989 372 3031 (cf.
400 2989 517 3027 P.-w.
545 2989 618 3026 col.
645 2989 1501 3036 25593Christ.⁶1349;Dieterich
1529 2990 1632 3035 apud
1660 2990 1696 3025 P.
1725 2990 1783 3028 W.
1811 2992 1883 3027 col.
1916 2992 2031 3038 1²59)-

358 3049 415 3085 De
443 3050 527 3085 aliis
553 3050 773 3096 tripodibus
799 3049 976 3096 Delphos
1003 3050 1131 3086 missis
1160 3049 1209 3086 cs.
1237 3048 1326 3085 Dit
1342 3054 1391 3085 te
1407 3050 1481 3084 nb.
1510 3049 1547 3085 S.
1565 3049 1588 3084 1.
1607 3049 1683 3086 G.2
1709 3049 1735 3092 1,
1759 3060 1803 3094 7;
1830 3051 2031 3088 Reisch

310 3109 414 3156 apud
454 3109 570 3145 P.-w.
613 3110 635 3144 i.
675 3120 710 3147 v,
750 3109 927 3145 Dreisuss
967 3109 1039 3146 col.
1073 3110 1160 3154 1685
1188 3120 1275 3155 sqq.
1302 3114 1341 3144 et
1368 3108 1535 3155 Delphoi
1564 3108 1635 3144 col.
1668 3118 1777 3156 ¹5⁵43
1804 3110 2032 3147 Larfeld

309 3179 345 3206 o.
372 3168 392 3204 1.
421 3169 435 3204 1
463 3180 499 3215 p.
533 3171 608 3213 ¹83·

362 3230 396 3271 1)
434 3228 483 3264 cf.
522 3229 628 3275 Sept.
667 3229 753 3264 adv.
793 3227 917 3264 Theb.
945 3230 1025 3274 516.
1052 3227 1247 3264 Accurate
1279 3229 1312 3263 si
1338 3227 1588 3274 distinguitur
1612 3227 1930 3275 Parthenopaeus
1955 3241 2032 3266 non

309 3288 430 3325 homo
456 3293 517 3325 est
543 3288 719 3335 privatus
744 3288 798 3324 ita
823 3288 964 3331 iurans,
991 3297 1063 3334 pro
1090 3287 1273 3324 militibus
1299 3297 1458 3335 quoque
1484 3288 1564 3323 suis
1590 3292 1682 3324 vota
1707 3294 1915 3336 nuncupat.
