2392 3750
1183 297 1240 337 86

420 451 469 456 —-
507 435 588 479 395
634 428 729 479 ipsa
773 425 930 467 Medea
977 439 1055 479 per
1087 425 1287 468 Hecaten
1308 423 1335 477 ¹}
1369 427 1594 468 dominam
1627 440 1751 469 suam
1784 441 1916 482 quam
1949 428 2071 482 dicit,

357 499 468 540 iurat
501 499 563 539 ira
594 498 739 548 ducta,
774 511 828 538 ne
861 498 959 551 quis
993 497 1178 546 dubitet,
1211 511 1357 539 annon
1391 499 1639 551 perfectura
1670 499 1726 540 sit
1759 499 1920 541 minas:

714 567 755 615 ἤν
788 567 822 608 δ’
843 566 1040 620 ἐξελαύνῃ
1075 566 1267 621 ξυμφοροὶ
1297 571 1343 619 μ’
1362 568 1581 621 ἀμήχανος

712 638 814 686 αὐτὴ
845 636 967 692 ξίφος
1000 639 1207 690 λαβοῦσα,
1240 640 1302 681 κεί
1333 639 1474 690 μέλλω
1507 638 1646 682 θανεῖν

713 713 834 751 κτενῶ
867 712 964 762 σφε,
996 709 1152 761 τόλμης
1187 711 1221 753 δ’
1240 707 1322 761 εἶμι
1353 711 1450 763 πρὸς
1481 711 1526 753 τὸ
1558 711 1758 765 κάρα-ερον.
1778 712 1813 767 ²)

357 797 500 837 neque
528 783 634 824 haec
664 783 798 824 fuisse
826 785 960 824 verba
976 783 1168 825 mulieris
1187 785 1249 825 ira
1265 786 1547 837 perturbatae
1565 792 1748 827 eventus
1765 787 1872 827 satis
1890 787 2073 828 demon-

355 856 509 896 stravit
552 855 769 895 horribilis
793 852 841 910 ³).
886 854 955 896 Ius
998 855 1227 897 iurandum
1261 862 1407 898 servat
1439 857 1534 909 ipsa
1566 856 1727 898 liberos
1759 871 1863 899 suos
1895 870 2071 901 necans,

424 950 470 956 —-
502 936 591 977 439
622 938 713 979 sqq.
744 923 776 974 ¹³)
808 926 968 968 chorus
1001 927 1147 968 omnia
1180 941 1278 968 esse
1310 933 1477 968 mutata
1509 929 1706 982 queritur
1737 942 1881 983 neque
1912 929 2072 972 dehinc

356 998 610 1039 iuramentis
644 998 823 1051 quidem
855 997 989 1039 fidem
1023 1012 1121 1039 esse
1153 999 1416 1050 habendam,
1450 1000 1494 1041 id
1525 1001 1645 1054 quod
1679 1000 1805 1042 valde
1838 1001 1971 1043 dolet.

355 1081 421 1110 vs.
463 1079 549 1120 492
594 1069 750 1110 eadem
793 1070 884 1110 fere
927 1071 982 1111 ab
1025 1071 1120 1123 ipsa
1161 1070 1318 1112 Medea
1360 1072 1560 1113 audimus
1603 1072 1802 1113 Iasonem
1845 1079 2074 1126 praeterea

357 1147 551 1196 rogante,
585 1154 690 1182 num
723 1142 960 1183 arbitretur
992 1142 1101 1183 deos
1133 1142 1240 1183 alios
1273 1155 1389 1184 nunc
1423 1156 1605 1198 regnare
1632 1143 1802 1198 aliaque
1828 1145 1921 1186 iura
1936 1145 2074 1187 homi-

355 1213 484 1254 nibus
515 1225 613 1254 esse
646 1213 750 1254 data
781 1219 914 1267 atque
947 1213 1064 1265 olim,
1098 1214 1276 1268 quando
1310 1214 1511 1256 iurasset.

415 1283 586 1326 Chorus
634 1284 813 1326 minime
859 1285 1061 1327 Iasonem
1111 1285 1272 1336 laudat,
1320 1299 1507 1328 uxorem
1554 1288 1831 1339 prodentem.
1878 1302 1943 1330 vs.
1989 1296 2071 1341 577

356 1356 589 1397 manifeste
622 1356 707 1397 hoc
739 1356 1027 1408 demonstrat,

594 1423 714 1476 ὅμως,
748 1429 787 1469 ei
819 1429 1036 1482 inquiens,
1071 1426 1105 1469 δ’
1126 1426 1268 1478 ἔμοιγε
1300 1427 1370 1470 καὶ
1403 1428 1518 1481 παρὰ
1551 1427 1714 1479 γνώμην
1747 1429 1814 1481 ἐρῶ

593 1496 720 1545 δοκεῖς
752 1497 919 1549 προδοὺς
947 1499 1013 1547 σὴν
1042 1497 1202 1551 ἄλοχον
1235 1500 1278 1542 οὐ
1312 1499 1452 1542 δίκαιοι
1484 1499 1591 1552 δρᾶν.

415 1570 618 1611 Medeam
651 1570 816 1612 Iasonis
849 1571 1004 1624 perfidi
1034 1573 1341 1623 iuramentum,
1375 1573 1497 1627 quod
1529 1587 1591 1614 vs.
1623 1574 1712 1624 619
1738 1574 1875 1625 dedit,
1893 1587 2074 1628 prorsus

355 1641 587 1697 neglegere
635 1649 983 1684 consentaneum
1030 1650 1110 1697 est,
1160 1658 1304 1698 neque
1348 1645 1528 1686 omnino
1570 1646 1630 1686 ita
1672 1645 1836 1687 faciens
1878 1647 2075 1688 ostendit

355 1727 403 1754 se
435 1714 515 1754 iuri
547 1713 730 1755 iurando
764 1714 910 1756 minus
927 1715 1134 1756 tribuere.
1152 1716 1366 1767 Iasonem,
1386 1718 1461 1770 qui
1478 1716 1730 1772 intellegere
1747 1718 1842 1770 ipse
1860 1718 2075 1760 debuerat

354 1785 648 1826 iuramentum
691 1799 820 1827 suum
852 1786 1009 1828 nullius
1042 1788 1171 1840 pretii
1205 1788 1313 1839 fore,
1347 1788 1628 1830 nihilominus
1661 1789 1715 1830 ad
1747 1789 1832 1830 hoc
1863 1790 2074 1831 auxilium

355 1856 609 1911 confugere,
653 1858 882 1898 notatione
925 1865 1080 1900 contra
1121 1866 1188 1900 est
1231 1860 1425 1914 dignum.
1459 1859 1671 1901 Maiorem
1704 1861 2074 1903 asseverationem

355 1941 456 1970 eum
488 1941 578 1969 non
609 1929 784 1980 habere,
817 1936 1013 1982 apparet.

414 1999 548 2042 Paulo
580 2007 698 2054 post,
731 2015 794 2042 vs.
829 2010 908 2054 731
948 2009 1177 2055 praeterea
1208 2003 1302 2056 ipsa
1335 2003 1493 2045 Medea
1526 2003 1727 2059 Aegeum
1758 2004 2072 2046 iusiurandum

355 2072 503 2127 adigit,
538 2086 679 2127 eaque
709 2086 756 2114 re
788 2074 1035 2125 manifeste,
1069 2077 1270 2128 quamvis
1302 2089 1327 2116 a
1359 2076 1516 2116 marito
1551 2077 1607 2117 sit
1639 2076 1839 2128 decepta,
1863 2076 2072 2128 ostendit,

355 2157 403 2185 se
446 2145 697 2186 etiamnunc
740 2146 986 2187 iuramento
1029 2146 1266 2187 confidere.
1310 2147 1572 2188 Persuasum
1615 2147 1654 2188 ei
1687 2153 1754 2188 est
1786 2160 1949 2202 regem,
1982 2147 2075 2189 iure

355 2216 538 2257 iurando
571 2217 873 2268 constrictum,
914 2218 1100 2259 inimicis
1133 2219 1226 2259 eius
1258 2231 1356 2259 eam
1387 2231 1477 2259 non
1509 2219 1771 2260 traditurum
1793 2216 1838 2270 ⁶),
1871 2219 2004 2273 quod,
2037 2218 2073 2260 si

356 2300 445 2328 non
485 2287 730 2338 iuravisset,
775 2287 867 2329 fieri
900 2290 1098 2342 potuisse
1130 2290 1348 2342 opinatur,
1383 2303 1445 2331 vs.
1481 2299 1564 2342 737

655 2357 787 2407 λόγοις
818 2358 874 2406 δὲ,
906 2361 979 2411 ait,
1013 2358 1182 2410 συμβὰς
1214 2359 1271 2410 μὴ
1304 2357 1404 2401 θεῶν
1443 2358 1637 2411 ἐνώμοτοε

655 2428 781 2484 φίλος
813 2429 931 2480 γένοι’
966 2429 1015 2471 ἂν
1046 2430 1440 2483 κάπικηρυκεύματοι

651 2500 757 2554 τάχ’
791 2500 840 2543 ἂν
873 2500 990 2544 πίθοι
1023 2518 1081 2545 σε.

415 2574 712 2616 [uramentum
745 2576 798 2628 ei,
833 2575 969 2617 debili
1001 2575 1171 2617 mulieri
1193 2573 1224 2628 ⁶)
1258 2582 1413 2618 contra
1433 2582 1642 2629 potentes
1659 2576 1810 2618 hostes
1829 2577 2072 2619 maximum

409 2743 441 2790 1)
469 2745 517 2780 cf.
546 2745 568 2780 l.
595 2744 615 2780 l.
641 2744 676 2777 οὗ
695 2770 701 2777 .
717 2772 723 2779 .
743 2771 750 2779 .
766 2773 773 2780 .
788 2749 837 2786 μὰ
863 2745 925 2784 τὴν
950 2744 1121 2778 δέσποιναν
1139 2774 1145 2781 .
1163 2774 1170 2781 .
1185 2775 1193 2783 ,
1212 2774 1219 2782 ,
1234 2745 1375 2784 Ἑκάτην
1395 2772 1402 2780 .
1421 2774 1428 2782 ,

641 2805 767 2847 χαίρων
791 2818 838 2842 τις
864 2804 972 2838 αὐτῶν
998 2806 1114 2847 τοῦμόν
1140 2805 1281 2848 ἀλγυνεῖ
1305 2804 1391 2847 κέαρ.

406 2863 441 2910 2)
468 2864 516 2900 cf.
543 2876 578 2900 o.
606 2864 627 2899 l.
654 2876 708 2899 vs.
738 2875 816 2908 392.

406 2926 442 2966 3)
469 2923 516 2958 cf.
546 2935 580 2959 o.
609 2923 628 2958 1.
655 2935 732 2959 vss.
763 2926 852 2967 1236
877 2935 963 2970 sqq.
995 2934 1095 2969 1271,
1127 2934 1213 2968 1277
1246 2917 1332 2970 sqq.

405 2982 441 3027 4)
469 2983 516 3018 ct.
545 2994 582 3029 p.
610 2986 665 3023 46.
693 2983 738 3018 A.
763 2995 795 3018 2.

406 3042 441 3088 5)
468 3042 517 3078 cf.
544 3054 579 3078 ο.
606 3043 626 3077 l.
653 3054 708 3080 vs.
740 3051 804 3089 735
892 3042 1046 3082 ,τούτοις
1071 3042 1101 3076 δ’
1114 3044 1243 3086 ὁρκίοισι
1269 3045 1328 3084 μὲν
1358 3041 1482 3086 ζυγείς,

821 3102 959 3144 ἄγουσιν
984 3102 1020 3136 οὗ
1045 3103 1154 3145 μεθεΐ
1183 3102 1222 3136 ἄν
1246 3104 1280 3136 ἐκ
1303 3105 1406 3146 γαίας
1430 3104 1497 3145 ἐμέ.

406 3159 442 3206 6)
470 3160 519 3196 cf.
545 3172 580 3196 Ο.
608 3161 628 3197 l.
656 3173 710 3198 vs.
740 3173 808 3206 739
824 3189 829 3195 .
846 3190 853 3198 .
869 3191 876 3198 .
894 3162 1013 3204 .τάμᾶ
1038 3164 1097 3204 μὲν
1121 3164 1187 3205 ’γὰρ
1212 3162 1333 3201 ἀσθενῆ

822 3223 891 3259 τοῖς
919 3221 948 3254 δ’
961 3221 1058 3263 ’ὄλβος
1081 3223 1155 3255 ἐστὶ
1179 3226 1234 3255 καὶ
1259 3221 1354 3265 δόμος
1378 3225 1571 3265 τυραννικός.
