2392 3750
1185 286 1240 325 24

346 418 458 458 quae
490 418 591 445 vere
625 405 842 455 dicuntur,
877 405 962 445 sint
995 405 1208 445 habenda.
1242 404 1325 446 Hic
1358 411 1529 446 tantum
1548 411 1751 460 rogatur:
1785 403 2057 447 invocantur

346 474 541 516 homines
574 483 617 516 et
650 474 858 528 qualibus
889 475 936 515 in
959 474 1263 529 formulis?¹)
1299 476 1429 516 Varia
1461 477 1651 518 carmina
1681 490 1999 530 percurramus.

406 546 538 600 Apud
576 546 928 599 Aeschylum
962 559 1052 587 non
1084 546 1301 601 leguntur.
1343 546 1475 599 Apud
1508 545 1849 601 Sophoclem
1881 549 2054 590 duobus

347 626 516 660 tantum
550 617 684 659 locis:
728 617 849 659 Aiac.
882 619 982 668 416,
1026 617 1130 659 Aias
1167 620 1300 660 verba
1332 632 1410 660 sua
1442 618 1706 660 confirmans
1737 621 1866 670 τοῦτο,
1902 621 2053 674 inquit,

346 704 405 735 τις
437 690 585 741 Φρονῶν
617 687 725 740 ἵστω,
759 703 913 730 omnes
946 689 1145 731 homines
1177 690 1346 731 ratione
1377 690 1600 743 praeditos
1632 691 1762 745 igitur
1793 697 1974 743 testans,
2007 705 2055 733 se

347 767 535 802 mortem
577 762 814 807 obiturum,
855 774 968 814 quae
1015 762 1245 811 sententia,
1294 761 1358 802 ius
1399 762 1628 803 iurandum
1671 776 1934 816 quamquam
1967 776 2054 805 non

346 832 556 883 continet,
605 832 725 885 quod
756 832 811 873 ad
847 832 1033 872 formam
1066 833 1256 885 pertinet
1288 832 1386 874 huic
1420 840 1487 875 est
1519 833 1748 875 simillima.
1788 834 1927 875 Multo
1956 848 2055 888 pro-

348 905 444 956 pius
491 904 571 944 iuri
619 903 800 944 iurando
847 904 1064 945 accedunt
1111 905 1256 955 verba,
1299 918 1411 958 quae
1454 904 1657 960 leguntur
1673 902 1708 958 2)
1742 905 1920 947 Philoct.
1954 906 2054 957 468,

348 975 421 1016 ubi
468 974 569 1015 exul
616 973 958 1027 Neoptolemum
1006 988 1084 1028 per
1115 981 1286 1028 patrem
1318 983 1451 1030 atque
1484 982 1668 1018 matrem
1698 977 1968 1026 obsecratur,
2001 989 2056 1019 ne

348 1060 395 1087 se
428 1046 470 1086 in
503 1045 642 1086 insula
673 1045 902 1100 relinquat.

407 1117 452 1158 In
500 1115 774 1157 carminibus
819 1115 1078 1171 Euripideis
1123 1118 1287 1160 similes
1333 1120 1546 1161 formulae
1578 1120 1779 1176 leguntur
1810 1127 1912 1162 tres.
1946 1119 2057 1162 Cum

349 1189 491 1230 verbis
517 1187 663 1229 Aiacis
695 1189 1011 1230 conserendum
1045 1196 1125 1239 est,
1159 1190 1277 1243 quod
1311 1190 1466 1244 legitur
1493 1192 1535 1232 in
1556 1193 1802 1247 fragmento
1820 1190 2059 1233 Alcmenae

349 1261 638 1314 Euripidcae:
688 1258 782 1301 ἵστω
828 1258 1009 1312 τ’ὀὲφρων
1057 1260 1105 1301 ὤν
1157 1258 1263 1308 ὅστις
1312 1259 1526 1313 ἄνθρωπος
1573 1261 1709 1313 γεγώς
1752 1262 1874 1313 δῆμον
1906 1261 2060 1305 κολούει

351 1331 558 1384 χρήμασιν
587 1330 859 1383 γαυρούμενος
887 1330 934 1386 3),
971 1340 1046 1375 aut
1079 1334 1153 1375 ubi
1171 1333 1332 1376 Troad.
1351 1342 1451 1387 955,
1480 1334 1648 1376 Helena
1666 1342 1804 1376 testes
1822 1336 2058 1387 advocans,

410 1402 623 1456 μάρτυρες,
654 1406 807 1457 inquit,
840 1402 881 1444 δέ
912 1419 979 1454 μοι

409 1474 566 1528 πύργων
595 1475 764 1527 πυλωροὶ
791 1475 899 1517 min-b
927 1475 1094 1528 τειχέων
1119 1475 1258 1518 σκόπει
1290 1483 1374 1518 etc.
1407 1477 1528 1519 Haec
1562 1479 1692 1529 enim,
1726 1485 1773 1520 ut
1805 1493 1856 1520 ea
1871 1479 2059 1520 affirma·

349 1550 514 1590 tionem
547 1550 788 1600 continent,
817 1563 930 1602 quae
956 1550 1096 1590 isdem
1130 1550 1272 1590 verbis
1318 1555 1451 1603 atque
1485 1550 1550 1590 ius
1568 1550 1796 1591 iurandum
1814 1550 2058 1593 includitur.

349 1619 523 1662 Similes
564 1621 767 1673 precibus
809 1620 1063 1661 Philoctetis
1095 1627 1197 1662 sunt
1229 1635 1320 1672 eae,
1355 1634 1463 1675 quas
1497 1620 1715 1662 Admetus
1747 1621 1932 1663 effundit
1963 1621 2058 1664 Alc.

353 1700 433 1744 275
458 1706 464 1732 :
492 1690 549 1741 μὴ
583 1689 678 1742 πρός
709 1706 753 1732 σε
786 1689 886 1731 θεῶν
919 1696 1018 1743 τλῇς
1051 1706 1104 1741 με
1130 1690 1349 1743 προδοῦναι,
1377 1691 1435 1741 μὴ
1461 1691 1557 1742 πρὸς
1587 1690 1743 1732 παίδων
1770 1687 1832 1739 οὓς
1849 1692 2058 1744 ὀρφανιεῑς.

409 1763 640 1804 Praeterea
682 1763 771 1816 Iph.
815 1762 867 1804 A.
901 1772 986 1816 473
1030 1763 1222 1804 Achilles
1270 1765 1381 1805 iurat
1413 1777 1490 1816 per
1523 1771 1691 1817 patrem
1724 1778 1851 1806 suurn
1884 1764 2059 1818 Pelopa.

410 1834 507 1876 Alia
554 1835 796 1876 iuramenta
843 1849 920 1888 per
966 1835 1167 1876 homines
1214 1836 1316 1877 data
1363 1836 1428 1876 vel
1477 1835 1703 1886 formulae,
1751 1836 1830 1877 iuri
1877 1835 2059 1877 iurando

350 1907 591 1949 simillimae
623 1920 711 1948 non
744 1908 1036 1956 inveniuntur,
1069 1921 1155 1960 qua
1188 1907 1230 1948 in
1262 1921 1309 1949 re
1340 1914 1488 1949 tamen
1521 1921 1609 1949 non
1627 1914 1694 1949 est
1712 1907 2058 1949 obliviscendum

350 1992 599 2021 sermonem
635 1979 900 2034 tragicorum
933 1993 1030 2020 esse
1063 1980 1285 2034 grandem.
1320 1978 1361 2020 A
1388 1979 1535 2020 multis
1567 1980 1695 2020 dictis
1727 1980 1770 2020 in
1796 1992 1873 2020 ore
1900 1980 2058 2021 civium

350 2051 639 2101 versantibus,
672 2064 786 2104 quae
817 2051 975 2092 comici
1005 2050 1200 2104 plurimis
1232 2050 1340 2092 locis
1372 2058 1583 2103 usurpant
1602 2047 1649 2104 ΖΙ),
1668 2051 1783 2092 vitae
1814 2051 2060 2092 cotidianae

351 2123 514 2177 quippe
542 2135 792 2163 sermonem
818 2122 1054 2174 imitantes,
1072 2123 1322 2167 abhorrent.
1341 2136 1430 2164 non
1448 2129 1549 2175 apta
1566 2129 1667 2164 sunt
1686 2122 1792 2163 haec
1809 2122 2059 2178 tragoediis.

350 2194 444 2235 Nec
492 2194 649 2234 mirum
698 2194 827 2249 igitur
872 2195 916 2235 in
962 2194 1082 2235 hisce
1130 2194 1394 2235 carminibus
1436 2195 1719 2248 gravioribus,
1764 2194 1926 2246 pietate
1958 2207 2062 2250 erga

352 2267 460 2306 deos
508 2266 700 2315 imbutis,
748 2278 837 2306 non
884 2279 1016 2318 saepe
1063 2266 1263 2307 homines
1309 2271 1448 2306 testes
1480 2266 1823 2306 iuramentorum
1855 2265 2062 2306 invocari.

351 2336 553 2378 Sanctius
586 2337 651 2377 ius
683 2337 915 2378 iurandum
947 2343 1053 2387 erat,
1087 2350 1217 2390 quam
1246 2343 1294 2378 ut
1326 2338 1438 2377 adeo
1470 2337 1513 2377 in
1530 2349 1690 2377 scaena
1715 2336 1890 2389 publica
1907 2337 2062 2389 depra-

353 2414 538 2449 varetur.
573 2408 640 2449 De
672 2409 754 2449 hac
788 2421 833 2449 re
865 2414 1014 2450 autern
1046 2416 1147 2461 post
1179 2408 1316 2461 plura.

412 2480 556 2521 lsdem
588 2479 733 2522 verbis
767 2481 966 2522 homines
1000 2481 1191 2521 invocari
1222 2487 1354 2534 atque
1386 2481 1494 2521 deos
1521 2479 1629 2521 locis
1647 2479 1830 2520 laudatis
1847 2480 2060 2532 apparuit.

405 2743 438 2776 ι)
476 2738 615 2773 Multas
666 2738 874 2773 chororum
921 2737 1226 2773 exclamationes
1273 2737 1498 2777 omittimus,
1538 2738 1629 2782 quia
1666 2738 1821 2772 minime
1860 2738 1986 2772 iurare
2025 2738 2063 2773 in

353 2798 481 2832 animo
507 2797 664 2832 habent.

402 2858 436 2900 2)
474 2856 593 2902 Soph·
627 2856 787 2892 Philoct.
815 2859 883 2896 468
932 2858 1006 2898 πρός
1031 2854 1082 2888 νύν
1109 2868 1144 2888 σε
1170 2857 1286 2896 πατρὸς
1312 2857 1385 2896 πρός
1410 2867 1448 2887 τε
1472 2857 1597 2897 μητρός,
1623 2853 1647 2888 ὦ
1672 2855 1777 2888 τέκνον

924 2962 1038 3002 ἱκέτης
1062 2965 1218 3005 ἱκνοῦμαι,
1241 2963 1287 3004 μὴ
1312 2963 1409 3006 λίπῃς
1432 2968 1467 3004 μ’
1494 2962 1579 2995 οὕτω
1603 2964 1704 3004 μόνον.

402 3026 439 3066 3)
465 3023 515 3059 cs.
541 3023 686 3059 Nauck.
714 3023 827 3070 Trag.
855 3023 922 3060 Gr.
949 3024 1101 3069 Fragm.
1128 3034 1183 3066 9²·

402 3083 438 3125 4)
477 3082 523 3118 cf.
561 3083 627 3118 Ivo
666 3083 787 3118 Bruns
825 3083 898 3119 o.l.
937 3094 973 3128 p.
1015 3093 1068 3127 19,
1106 3083 1243 3117 Mirum
1283 3087 1344 3117 est
1377 3082 1499 3117 virum
1539 3082 1806 3117 doctissimum
1847 3081 2064 3117 Meinhardt

355 3142 570 3177 iuramenta
608 3152 678 3187 per
715 3143 893 3177 homines
931 3142 1023 3178 data
1059 3153 1137 3177 non
1162 3141 1319 3176 referre.
1358 3141 1587 3185 Iuramenta,
1613 3141 1651 3176 in
1677 3141 1817 3187 quibus
1844 3151 1906 3176 res
1931 3140 2063 3187 appel—

355 3201 481 3236 lantur
506 3211 599 3236 sane
629 3201 747 3236 habet
773 3201 821 3237 cf.
845 3212 880 3238 o.
901 3201 922 3236 l.
948 3212 985 3247 p.
1011 3203 1067 3246 65.
