2392 3750
1239 317 1262 348 2

453 437 660 480 Attamen
707 439 975 492 posteriores
1023 437 1116 478 eius
1158 450 1292 490 opere
1341 450 1428 478 non
1476 437 1686 488 contenti,
1720 450 1808 478 non
1841 436 2109 478 destiterunt

392 511 435 552 in
482 511 592 551 hanc
642 508 862 565 religionis
910 515 1079 562 partem
1128 508 1247 549 omni
1295 521 1399 550 cura
1458 508 1723 549 incumbere.
1787 508 1893 549 Iuris
1939 507 2109 548 iurandi

393 583 508 623 enim
558 582 774 623 rationem
824 582 935 621 bene
983 592 1267 634 cognoscere,
1318 592 1480 632 operae
1529 580 1718 632 pretium
1755 580 1817 630 iis,
1851 579 1926 633 qui
1957 578 2108 620 litteris

393 654 574 696 Graecis
622 654 842 701 studeant,
884 664 1015 705 quam
1050 649 1244 691 maxime
1293 657 1374 692 est.
1437 650 1707 703 Saepissime
1739 652 1960 693 iurabatur
2010 662 2111 691 cum

393 741 417 767 a
461 727 554 767 viro
585 726 770 778 privato,
819 730 913 765 tum
945 738 970 764 a
1002 723 1344 777 magistratibus,
1393 723 1495 776 quin
1541 722 1770 777 Lycurgus
1791 722 1824 778 ¹)
1857 728 2005 763 orator
2041 718 2110 773 „rb

392 795 605 848 συνέχον”,
646 796 783 849 inquit
834 792 932 845 „734⁹
980 790 1250 844 δημοκρατίαν
1300 790 1408 843 ὅρκος
1456 791 1553 844 ἐστί,
1604 801 1648 835 et
1695 793 1951 835 Andocides
1991 804 2024 843 ι,
2057 802 2109 844 9:

395 867 585 920 ,,συνέχει
633 866 747 917 μόνον
804 867 873 916 τὴν
923 863 1087 906 πόλιν”.
1137 865 1340 920 Magnam
1394 865 1702 907 auctoritatem
1750 867 1993 906 iuramenta
2038 865 2112 906 ha-

393 942 595 990 buerunt,
645 938 880 992 praecipue
928 939 1031 990 quia
1077 937 1228 992 religio
1270 937 1312 978 in
1355 938 1554 978 civitates
1591 936 1782 979 Graecas
1815 944 1904 978 tam
1937 937 2112 990 penitus

394 1018 699 1065 penetraverat
719 1007 766 1063 2).
811 1009 981 1064 Religio
1023 1014 1158 1062 atque
1198 1009 1279 1061 ius,
1313 1015 1361 1050 ut
1382 1009 1424 1049 in
1442 1009 1648 1050 omnibus
1666 1010 1885 1063 gentibus,
1919 1009 1978 1049 ita
1994 1009 2113 1062 apud

394 1084 589 1125 Graecos
627 1089 720 1123 arte
763 1087 864 1122 sunt
910 1082 1158 1121 coniuncta.
1201 1080 1361 1122 Postea
1388 1094 1493 1121 sane
1522 1081 1842 1134 disiunguntur,
1865 1093 1947 1121 nec
1964 1087 2113 1122 tamen

394 1162 483 1197 tam
517 1168 708 1208 prorsus,
743 1161 791 1194 ut
823 1166 912 1194 non
943 1151 1091 1193 multis
1124 1152 1321 1205 partibus
1354 1153 1486 1193 etiam
1519 1159 1624 1194 tunc
1656 1153 1934 1194 cohaereant.

453 1226 581 1270 Unde
615 1227 677 1277 fit,
712 1232 759 1266 ut
794 1225 848 1266 de
886 1225 1058 1278 integro
1091 1224 1334 1265 identidem
1367 1224 1622 1277 inquiratur,
1656 1238 1769 1278 quae
1802 1225 1931 1265 fuerit
1963 1231 2112 1265 aucto-

396 1300 499 1340 ritas
546 1305 590 1339 et
639 1298 703 1338 vis
736 1296 839 1337 iuris
873 1296 1054 1337 iurandi.
1089 1295 1397 1336 Ziebarth
1430 1296 1603 1349 scripsit
1634 1294 1687 1336 de
1717 1294 1815 1336 iure
1845 1294 2039 1336 iurando
2066 1294 2114 1336 in

395 1370 491 1412 iure
541 1368 703 1412 Graeco
746 1366 1024 1422 quaestiones
1042 1365 1088 1420 3).
1138 1364 1522 1423 Kfihnlein⁴)
1569 1368 1791 1421 inquisivit
1824 1369 1866 1408 in
1899 1368 2114 1409 iuramen—

395 1450 540 1485 torum
588 1442 705 1494 apud
754 1447 952 1481 oratores
995 1440 1171 1481 Atticos
1206 1439 1429 1490 formulas,
1463 1440 1582 1493 quod
1615 1439 1731 1480 idem
1766 1440 1871 1480 fecit
1903 1438 2037 1490 Ott,
2071 1441 2115 1481 in

396 1521 520 1569 parte
568 1513 814 1567 posteriore
847 1511 956 1562 libri,
990 1513 1065 1565 qui
1099 1511 1371 1552 inscribitur:
1406 1509 1613 1563 Beitrc'z'ge
1644 1523 1729 1551 zur
1760 1509 2007 1552 Kenntniss
2037 1511 2115 1553 des

401 1584 704 1628 Griechz‘sclzen
751 1582 902 1624 Eides.
935 1584 980 1624 M
999 1584 1098 1624 ein
1117 1584 1307 1624 hardt
1345 1582 1471 1624 aliam
1504 1589 1677 1635 partem
1708 1583 1974 1636 scriptorum
2006 1585 2115 1625 anti-

397 1672 584 1713 quorum
632 1663 932 1710 perscrutatus
976 1662 1057 1707 est,
1102 1656 1332 1708 disputans
1366 1653 1447 1705 „de
1470 1652 1627 1707 forma
1659 1659 1700 1696 et
1730 1667 1816 1694 usu
1848 1654 2115 1696 iuramento-

397 1743 510 1780 rum,
571 1741 683 1783 quae
737 1726 1036 1768 inveniuntur
1079 1726 1128 1767 in
1176 1726 1441 1767 comicorum
1494 1725 1758 1768 Graecorum
1806 1733 1847 1768 et
1901 1725 2114 1776 Platonis,

397 1800 712 1855 Xenophontis,
743 1799 934 1840 Lucz’anz'
955 1811 1152 1840 sermone
1167 1798 1216 1851 ⁵).
1236 1799 1335 1840 Non
1354 1799 1502 1840 multis
1519 1806 1622 1840 ante
1639 1799 1763 1840 annis
1796 1798 1837 1840 A
1855 1813 1881 1840 u
1899 1813 1926 1854 g
1943 1813 1971 1840 u
1988 1813 2008 1840 s
2026 1799 2116 1840 tin

398 1875 534 1915 edidit
567 1873 772 1923 libellum,
807 1873 876 1913 cui
908 1871 1084 1913 titulus:
1129 1870 1223 1912 Der
1248 1869 1341 1910 Eid
1365 1869 1426 1910 im
1459 1868 1763 1912 Grieclzz'sclzen
1799 1869 2116 1923 Volksglauben

399 1945 495 1986 und
525 1945 572 1985 z'n
606 1943 685 1985 der
714 1942 1021 1984 Platonisclzen
1056 1941 1192 1983 Ethz'k
1230 1944 1354 1993 1894.
1387 1942 1618 1983 Praeterea
1645 1942 1905 1997 generaliter
1931 1949 2118 1997 egerunt

398 2019 454 2059 de
486 2018 578 2058 iure
610 2017 821 2058 iurando:
856 2015 1075 2056 Hirzel
1106 2015 1217 2055 libro
1255 2027 1357 2055 suo:
1391 2013 1501 2054 Der
1534 2014 1638 2055 Eid
1687 2025 1810 2065 1902,
1845 2012 2118 2054 Ziebarth

398 2090 440 2130 in
474 2102 632 2143 magna
660 2088 728 2129 illa
758 2088 1127 2141 Encyclopaedia‚
1156 2100 1286 2140 quarn
1306 2094 1569 2128 curaverunt
1601 2085 1632 2126 P
1650 2100 1674 2126 a
1691 2085 1874 2141 uly—W
1892 2086 1942 2126 is
1962 2098 1982 2126 s
1999 2098 2119 2126 owa

400 2174 433 2202 s.
467 2175 507 2201 v.
545 2158 644 2211 Eid,
694 2173 882 2213 quorum
915 2173 1064 2212 opera,
1109 2165 1155 2200 ut
1197 2159 1531 2199 observationes
1574 2157 1971 2210 Encyclopaediae,
2005 2169 2118 2210 quae

400 2233 518 2273 edita
575 2239 641 2273 est
684 2246 709 2272 a
755 2232 857 2272 viris
905 2231 1171 2272 doctissimis
1220 2230 1617 2283 Daremberg
1661 2235 1722 2270 et
1766 2228 1987 2283 Saglio
2028 2240 2118 2269 non

400 2317 540 2357 pauca
571 2305 625 2344 ad
658 2305 724 2344 ius
758 2304 988 2344 iurandum
1021 2304 1134 2344 bene
1169 2301 1528 2356 cognoscendum
1561 2302 1868 2341 attribuerunt.

461 2374 571 2417 Cum
606 2376 723 2427 apud
757 2382 970 2425 oratores,
1004 2381 1096 2415 tum
1130 2374 1248 2426 apud
1281 2374 1489 2422 comicos,
1526 2379 1618 2413 tum
1652 2373 1695 2412 in
1722 2372 1906 2413 aliorum
1934 2372 2118 2424 scripto-

401 2460 497 2488 rum
544 2448 752 2499 operibus
799 2447 1110 2500 investigatum
1153 2458 1253 2485 esse
1295 2451 1491 2497 apparet,
1525 2457 1613 2497 quo
1646 2444 1780 2485 modo
1812 2444 1904 2484 iure
1936 2443 2119 2484 iurando

402 2518 568 2571 antiqui
620 2518 688 2558 usi
734 2518 834 2571 sint,
882 2531 995 2571 quae
1037 2517 1168 2558 fuerit
1211 2516 1304 2557 eius
1348 2517 1412 2556 vis
1459 2522 1593 2569 atque
1638 2516 1791 2556 forma.
1853 2515 1898 2556 In
1947 2520 2120 2570 tragoe-

403 2589 496 2630 dias
543 2589 735 2631 Graecas
784 2590 827 2630 id
877 2590 1042 2630 factum
1089 2601 1178 2629 non
1226 2601 1324 2629 esse
1371 2594 1560 2636 constat,
1614 2600 1879 2641 quamquam
1928 2586 2120 2628 maxime

456 2758 488 2805 ι)
515 2759 738 2806 Lycurg.
765 2760 851 2794 adv.
879 2760 1017 2795 Leocr.
1046 2762 1102 2802 79.

453 2819 488 2864 2)
515 2819 556 2854 cf
601 2831 634 2854 v.
670 2819 1045 2855 Wilamowitz.
1085 2820 1202 2854 Arist.
1242 2820 1320 2855 und
1360 2819 1487 2854 Athen
1527 2819 1559 2853 II
1598 2830 1633 2865 p.
1674 2822 1730 2862 48.
1771 2817 2052 2854 cf.Rudolf
2085 2829 2119 2853 v.

405 2879 639 2925 Ihering,
680 2879 790 2914 Geist
830 2881 899 2914 des
938 2882 1033 2914 rom.
1072 2879 1218 2914 Rechts
1256 2879 1298 2914 1⁸.
1339 2890 1374 2924 p.
1404 2880 1482 2914 266.
1510 2879 1790 2920 Ziebarth,
1818 2879 1896 2914 Der
1922 2878 2041 2913 Fluch
2069 2878 2120 2913 im

407 2939 688 2974 Griechischen
715 2939 842 2974 Recht
881 2940 1046 2974 Hermes
1074 2939 1202 2984 XXX,
1235 2940 1335 2984 1895,
1362 2950 1396 2984 p.
1426 2948 1481 2983 57,
1509 2949 1582 2984 sqq

455 2997 489 3042 3)
517 2998 561 3032 E.
600 2998 875 3034 Ziebarth.
915 2999 973 3034 De
1012 3001 1094 3034 iure
1133 2999 1296 3034 iurando
1334 2999 1371 3033 in
1410 2999 1492 3034 iure
1532 2998 1686 3034 Graeco
1720 2999 1971 3044 quaestiones
2020 2997 2122 3032 Diss.

407 3057 513 3093 Gott.
546 3059 643 3101 1892.

455 3117 490 3163 4)
517 3117 805 3155 Kiihnlein.
832 3118 890 3154 De
917 3120 955 3153 vi
981 3124 1020 3154 et
1046 3130 1118 3154 usu
1145 3119 1331 3164 precandi
1355 3123 1394 3153 et
1420 3118 1570 3153 iurandi
1592 3118 1841 3153 formularum
1863 3117 1968 3163 apud
1982 3117 2120 3152 decem

407 3183 585 3212 oratores
611 3178 778 3215 Atticos.
803 3178 973 3224 Progrm.
1001 3190 1034 3213 v.
1062 3178 1253 3215 Neustadt
1278 3177 1347 3223 ald
1371 3179 1417 3213 H.
1448 3180 1549 3213 1882.

456 3236 491 3283 5)
519 3237 620 3273 Diss.
647 3238 752 3284 Jena,
782 3241 882 3282 1892.
