2392 3750
1184 327 1236 368 23

350 450 525 502 saepius
570 449 771 499 advocat,
818 448 1002 491 Orestes
1039 446 1306 500 Apollinem,
1341 447 1499 489 Medea
1529 447 1636 489 deas
1668 447 1873 497 infernas,
1907 448 2066 501 quibus

350 520 462 562 filios
507 534 612 563 suos
658 534 745 562 una
791 534 891 562 cum
923 519 1088 561 Iasonis
1120 518 1255 560 altera
1285 532 1424 560 uxore
1455 519 1648 561 devovit.
1695 518 1780 560 Alii
1812 521 1956 561 iurant
1989 533 2067 572 per

349 592 483 633 deum
532 605 646 643 eum,
697 593 771 646 qui
801 598 896 633 tota
938 591 1183 632 celebratur
1213 591 1454 647 tragoedia,
1486 590 1594 632 alios
1624 596 1798 643 poetae,
1833 591 2067 644 Euripides

350 664 598 717 praecipue,
646 664 839 705 iurantes
883 663 1049 704 faciunt
1081 675 1158 715 per
1192 676 1269 704 eos
1301 664 1423 714 deos,
1457 675 1570 717 quos
1602 656 1684 716 ipsi
1715 664 1908 704 maxime
1939 676 2066 703 vene-

349 741 497 776 rantur
528 749 566 776 e.
584 747 624 789 g.
658 748 736 788 per
768 734 916 776 Iovem
948 741 1081 787 atque
1109 733 1305 775 Terram.
1341 733 1486 788 Saepe
1504 734 1637 775 etiam
1653 734 1881 776 hominum
1899 734 2065 790 origine

347 805 622 860 intellegitur,
667 819 744 847 cur
785 806 918 848 deum
960 806 1181 859 quendam
1214 806 1509 859 obtestentur,
1543 812 1592 847 ut
1625 805 1667 846 in
1699 804 1730 847 S
1749 805 1880 859 oph.
1915 804 2064 856 Aiace,

348 877 421 918 ubi
454 877 613 918 chorus
643 876 979 920 Salaminiorum
1017 876 1146 927 Pana,
1166 877 1332 919 insulae
1349 891 1454 919 suae
1471 883 1664 919 tutorem
1683 878 1856 930 saepius
1874 878 2064 926 invocat,

347 961 460 1002 quae
493 955 640 990 tamen
673 949 820 990 omnia
852 948 1070 1001 inquirere
1101 947 1280 1004 longum
1313 955 1395 999 est,
1427 962 1572 1002 neque
1603 962 1788 989 necesse
1822 948 1978 990 habeo.

404 1019 472 1061 Ne
518 1019 641 1073 plura
686 1026 931 1070 consecter,
979 1020 1294 1072 comprendam
1345 1021 1477 1062 brevi.
1530 1019 1747 1071 Vidimus,
1795 1033 2062 1075 quamquam

344 1092 448 1133 iuris
480 1091 649 1133 iurandi
697 1091 911 1133 formulae
958 1091 1076 1144 apud
1121 1092 1313 1146 tragicos
1362 1098 1519 1145 poetas
1552 1099 1596 1133 et
1628 1099 1826 1134 oratores
1860 1105 2063 1147 magnam

346 1169 516 1216 partem
549 1169 810 1218 congruunt,
842 1169 990 1204 tamen
1023 1175 1122 1204 esse
1154 1163 1508 1216 discrepantiam.
1542 1163 1675 1217 Quod
1708 1164 1887 1218 quidem
1914 1164 1958 1205 in
1976 1165 2065 1206 vita

345 1235 566 1277 cotidiana
596 1235 734 1285 fieret,
769 1235 843 1276 ubi
876 1241 997 1276 certa
1027 1247 1190 1290 genera
1225 1235 1451 1276 hominum
1485 1242 1631 1276 certos
1664 1235 1772 1276 deos
1801 1242 1924 1278 certo
1952 1243 2063 1278 tem-

346 1320 453 1360 pore
484 1308 688 1348 invocare
721 1306 938 1354 solebant,
971 1307 1015 1347 in
1047 1306 1276 1361 tragoedia
1307 1319 1396 1347 non
1428 1314 1626 1359 apparet,
1659 1307 1734 1347 ubi
1765 1308 1928 1349 multae
1956 1307 2064 1349 aliae

346 1379 536 1420 rationes
584 1378 795 1430 efficiunt,
839 1384 886 1419 ut
929 1378 1038 1420 deus
1070 1377 1179 1419 alius
1207 1378 1498 1428 invocaretur,
1527 1378 1635 1419 alius
1663 1385 1816 1420 contra
1843 1381 2062 1420 omittere-

344 1456 429 1503 tur,
477 1449 596 1492 velut
644 1449 817 1491 fabulae
861 1455 1185 1505 argumentum,
1235 1450 1464 1490 hominum
1515 1449 1652 1504 origo,
1702 1450 1843 1491 forma
1874 1452 2064 1492 fortasse

344 1522 560 1572 carminis,
593 1528 677 1562 etc.
711 1520 942 1572 Praeterea
972 1534 1063 1562 non
1081 1527 1150 1562 est
1167 1519 1517 1562 obliviscendum
1535 1520 1737 1562 homines
1755 1521 1797 1562 in
1825 1523 2064 1577 tragoediis

344 1606 432 1634 non
479 1606 634 1634 omnes
679 1606 777 1634 esse
825 1595 1033 1647 privatos,
1073 1605 1206 1645 saepe
1239 1592 1413 1645 publice
1446 1593 1637 1646 quadam
1669 1606 1726 1634 ex
1758 1600 1883 1646 parte
1914 1601 2063 1650 agunt.

344 1663 431 1718 Qui
475 1665 603 1719 igitur
645 1679 823 1720 quoque
855 1672 1057 1718 tempore
1089 1665 1198 1706 deus
1232 1664 1288 1706 sit
1322 1665 1594 1706 invocandus
1627 1666 1760 1706 statui
1793 1679 1882 1707 non
1915 1673 2064 1719 potest

342 1737 607 1791 saepiusque
639 1737 941 1779 difficillimum
973 1743 1055 1787 est,
1088 1749 1164 1778 cur
1196 1737 1304 1778 deus
1338 1737 1516 1790 quidam
1545 1737 1797 1789 advocetur,
1827 1739 2032 1791 reperire.

402 1807 535 1861 Quod
571 1810 614 1851 in
645 1810 735 1851 vita
767 1810 987 1851 cotidiana
1019 1815 1249 1862 praeterea
1282 1808 1416 1850 fiebat
1452 1822 1511 1850 sc.
1550 1809 1690 1850 iurare
1722 1823 1801 1863 per
1832 1810 1941 1851 deos
1973 1817 2062 1852 tres

342 1881 608 1936 tragicorum
657 1882 930 1934 temporibus
972 1880 1340 1922 consuetudinem
1374 1893 1487 1931 esse,
1521 1881 1721 1934 quamvis
1754 1880 1846 1923 aliis
1878 1895 1902 1922 e
1935 1881 2062 1923 fonti-

343 1953 426 1994 bus
466 1953 572 1994 satis
605 1959 779 1995 constet
797 1950 846 2008 1),
880 1967 904 1994 e
935 1953 1174 2008 tragoediis
1207 1965 1295 1993 non
1328 1958 1525 2005 apparet.
1559 1952 1713 1994 Paucis
1745 1954 1861 1994 enim
1878 1952 1986 1995 locis
2004 1955 2063 1995 ita

343 2024 520 2067 iuratur.
554 2025 622 2067 De
653 2025 850 2067 formulis
882 2025 1052 2067 iurandi
1084 2024 1271 2078 publicis
1304 2037 1496 2078 quoque,
1531 2022 1706 2066 Solonis
1737 2031 1812 2066 aut
1845 2025 2062 2067 Draconis

342 2109 456 2151 quae
488 2096 705 2148 dicuntur,
738 2096 856 2139 nullo
888 2096 987 2138 loco
1019 2102 1087 2138 est
1119 2109 1279 2137 sermo.

402 2167 536 2222 Quod
566 2169 622 2210 ad
654 2169 775 2222 ipsos
806 2169 915 2210 deos
947 2168 1119 2219 attinet,
1153 2167 1410 2221 plerumque
1429 2167 1576 2209 Iovem
1594 2168 1888 2220 obtestantur,
1907 2182 2058 2223 quam·

343 2253 476 2295 quam
507 2239 578 2282 alii
609 2240 668 2283 dii
699 2253 892 2295 quoque,
925 2252 1026 2281 curn
1057 2239 1217 2292 superi,
1251 2246 1345 2281 tum
1377 2239 1534 2281 inferni
1565 2240 1838 2282 invocantur.

933 2478 985 2517 Β.
1032 2478 1098 2517 De
1127 2477 1398 2518 hominibus
1427 2475 1474 2526 ¹).

403 2694 683 2737 Adhibentur
713 2700 861 2736 autem
893 2707 981 2735 non
1013 2693 1156 2735 solum
1188 2694 1259 2735 dei
1291 2694 1333 2735 in
1367 2694 1460 2735 iure
1494 2694 1678 2736 iurando
1710 2700 1863 2745 testes,
1896 2693 2062 2748 aliquo-

343 2765 426 2807 ties
472 2764 673 2806 homines
719 2764 763 2805 in
804 2764 979 2819 tragicis
1025 2764 1302 2815 carminibus,
1336 2765 1392 2805 ab
1424 2763 1474 2804 iis
1507 2764 1581 2818 qui
1613 2764 1756 2806 iurant
1787 2764 2058 2806 invocantur.

344 2837 502 2879 Postea
529 2836 775 2878 accuratius
804 2836 1074 2890 inquiremus
1100 2836 1142 2877 in
1168 2835 1349 2877 huiusce
1367 2835 1486 2876 modi
1505 2835 1726 2890 formulas,
1745 2847 1800 2877 an
1818 2836 2059 2878 iuramenta

395 3001 428 3044 ι)
454 3001 503 3038 cs.
531 3000 723 3046 Ziebarth,
749 3001 768 3036 Ι.
796 3001 818 3037 1.

393 3064 430 3106 2)
455 3061 490 3096 Η
506 3071 527 3097 e
544 3071 680 3105 roes,
707 3062 884 3108 quamvis
909 3062 946 3097 in
973 3062 1051 3097 vita
1079 3061 1278 3097 cotidiana
1305 3071 1372 3096 eos
1398 3061 1628 3107 saepissime
1642 3061 1815 3096 invocari
1830 3066 1995 3107 apparet
2009 3071 2060 3097 ex

343 3121 470 3157 multis
497 3120 580 3156 aliis
605 3121 872 3167 scriptoribus,
889 3121 992 3168 apud
1019 3122 1190 3168 tragicos
1216 3126 1355 3167 poetas
1381 3121 1419 3156 in
1446 3121 1527 3156 iure
1554 3121 1718 3156 iurando
1738 3131 1929 3167 nusquam
1951 3121 2059 3157 invo-

344 3187 490 3217 cantur.
520 3180 577 3216 De
604 3180 650 3216 iis
675 3180 722 3215 cs.
751 3191 789 3227 p.
816 3191 859 3216 22
886 3186 926 3217 et
953 3189 1158 3227 praeterea
1180 3180 1356 3216 Roscher
1382 3180 1452 3216 o.i.
1479 3191 1509 3217 s.
1525 3191 1558 3215 v.
1586 3180 1725 3222 Heros,
1753 3179 1826 3216 col.
1853 3189 1944 3225 2502
1971 3192 2058 3228 sqq.

345 3239 404 3276 De
443 3239 628 3275 heroibus
653 3239 691 3275 in
720 3240 945 3276 iuramentis
972 3241 1163 3276 invocatis
1189 3240 1294 3287 apud
1320 3240 1495 3276 comicos
1522 3239 1572 3275 cf.
1599 3238 1818 3276 Meinhardt
1840 3250 1874 3276 o.
1892 3240 1911 3275 Ι.
1940 3251 1975 3287 p.
2004 3244 2060 3284 38.
