2392 3750
1109 327 1164 372 59

332 448 467 503 Apud
521 449 778 504 Euripidem
836 464 1015 506 quoque
1068 450 1276 493 nonnulla
1321 451 1566 494 iuramenta
1612 451 1827 508 leguntur,
1874 466 1988 506 quae

273 520 387 562 inter
416 527 651 576 utrumque
692 535 832 577 genus
874 523 999 577 quasi
1046 522 1192 564 locum
1224 523 1426 564 obtinent
1459 523 1665 564 medium.
1714 523 1891 565 Praeter
1922 537 1987 575 ea,

273 592 329 634 de
371 592 530 646 quibus
562 606 694 646 supra
735 594 821 635 iam
862 600 930 635 est
969 593 1241 646 disputatum
1265 591 1308 645 ¹),
1351 600 1453 636 sunt
1485 594 1617 635 haec:
1651 592 1745 635 Hel.
1783 595 1880 646 348,
1914 595 1989 636 ubi

274 664 370 717 ipsa
409 663 578 706 Helena
618 673 763 706 narrat
804 678 852 706 se
894 678 974 718 per
1002 670 1165 706 testem
1199 665 1410 706 Eurotam
1443 666 1621 706 iurasse.
1655 663 1701 706 σε’
1743 664 1802 712 δέ,
1849 666 1989 720 inquit

273 733 492 785 κατόμοσα
527 768 712 777 .....
756 734 949 783 θανόντος
991 734 1023 776 εἶ
1065 733 1193 785 βάξις
1226 735 1371 786 ἔτυμος
1401 734 1539 788 ἀνδρός
1570 733 1597 778 ἅ
1628 735 1670 777 δε
1700 752 1766 787 μοι
1802 771 1808 778 .
1843 770 1851 777 .
1889 771 1898 780 .
1934 771 1942 778 .

274 803 405 857 φόνιον
436 805 622 857 αἰώρημα
654 805 720 848 διὰ
751 805 864 858 δέρης
895 804 1091 859 ὀρέξομαι.
1141 807 1320 861 Proprie
1351 822 1440 850 non
1475 815 1543 850 est
1570 809 1836 862 promissum
1869 810 1990 863 quod

274 885 564 930 asseveratur,
602 880 681 921 sed
713 879 770 931 id,
805 880 926 934 quod
962 892 1114 921 secum
1147 881 1390 922 constituit.

333 947 427 1003 Iplz.
462 947 517 991 A.
562 961 674 1002 1414
719 947 921 1002 ἄχθομαι
950 952 1006 998 τ’,
1040 951 1181 1005 inquit
1212 950 1419 1002 Achilles,
1439 949 1532 992 ἴστω
1564 950 1695 999 Θέτις,

720 1020 754 1063 εἷ
784 1021 842 1072 μή
873 1037 918 1063 σε
950 1020 1061 1063 σώσω
1095 1020 1345 1063 Δαναΐδαισι
1375 1021 1442 1063 διὰ
1473 1020 1623 1075 μάχης

721 1092 869 1136 ἐλθών.

334 1164 523 1207 Videtur
555 1165 639 1206 hoc
671 1179 769 1207 esse
801 1166 868 1208 ius
899 1166 1128 1208 iurandum
1157 1165 1443 1207 assertorium
1469 1180 1735 1222 quamquam
1755 1168 1989 1219 exverbis,

274 1249 388 1290 quae
420 1243 675 1290 sequuntur,
709 1237 752 1278 in
784 1237 834 1278 iis
866 1238 1133 1290 promissum
1166 1250 1344 1291 quoque
1376 1238 1469 1279 dari
1499 1244 1696 1292 apparet.
1741 1239 1990 1292 Utrumque

275 1321 412 1364 genus
458 1308 582 1362 quasi
626 1308 747 1350 hisce
793 1309 937 1350 verbis
983 1309 1110 1350 inest.
1150 1309 1326 1350 Etenim
1370 1309 1562 1351 Achilles
1606 1323 1694 1351 non
1742 1310 1884 1352 solum
1923 1323 1991 1352 as-

275 1386 448 1421 severat
495 1392 543 1420 se
591 1379 753 1431 dolere,
802 1394 953 1422 verum
1002 1382 1134 1422 etiam
1181 1393 1242 1431 se,
1286 1381 1321 1421 si
1364 1381 1458 1422 fieri
1499 1382 1677 1434 poterit.
1722 1381 1990 1437 Iphigeniam

275 1457 563 1492 servaturum.

335 1521 502 1578 (Rhes.)
536 1523 633 1564 816.
666 1523 835 1565 Hector
866 1525 1032 1565 iuratus
1064 1523 1256 1565 affirmat
1287 1537 1334 1565 se
1365 1524 1518 1580 vigiles
1544 1526 1826 1578 puniturum;
1859 1527 1993 1567 verba

276 1594 369 1635 eius
414 1594 544 1649 igitur
593 1595 858 1648 promissum
907 1595 1148 1646 continent,
1197 1596 1350 1648 minas,
1399 1598 1537 1638 verbo
1570 1604 1699 1639 tenus
1741 1604 1890 1639 tamen
1923 1604 1990 1639 est

275 1666 522 1713 affirmatio.
555 1680 669 1721 quae
694 1674 970 1709 asseveratur
987 1665 1036 1721 2).

338 1739 404 1778 De
431 1738 728 1787 Fragmentis
775 1739 827 1781 In
856 1739 1113 1794 fragmentis
1145 1751 1291 1780 sermo
1324 1753 1422 1781 esse
1440 1740 1613 1781 videtur
1628 1740 1684 1782 de
1700 1741 1793 1782 iure
1810 1741 1994 1782 iurando

276 1810 585 1862 promissorio:
628 1807 781 1852 Aesch.
833 1811 881 1851 fr.
935 1820 1033 1862 394,
1079 1823 1347 1864 quamquam
1389 1812 1523 1853 etiam
1569 1812 1624 1853 ad
1668 1825 1807 1867 genus
1853 1826 1993 1854 asser-

277 1881 438 1922 torium
470 1881 689 1934 pertinere
732 1889 918 1934 possunt
969 1882 1076 1923 haec
1124 1883 1271 1923 verba.
1319 1881 1449 1936 Soph.
1498 1883 1570 1925 frr.
1618 1893 1721 1937 431,
1754 1884 1854 1935 846,
1891 1886 1990 1937 847,

277 1961 363 2005 742
410 1952 574 2005 (utrum
621 1954 677 1994 ad
718 1966 855 2008 genus
900 1954 1008 1995 haec
1051 1954 1294 1996 iuramenta
1340 1955 1601 2007 pertineant,
1646 1955 1874 1997 diiudicari
1905 1969 1993 1998 non

278 2024 460 2078 potest.)
490 2023 646 2079 Neque
678 2025 734 2067 de
767 2026 818 2066 fr.
853 2034 951 2078 315,
985 2031 1179 2067 statuere
1210 2026 1295 2067 hoc
1327 2026 1441 2068 licet.
1473 2024 1581 2067 Eur.
1616 2027 1665 2067 fr.
1704 2027 1802 2078 286,
1840 2035 1860 2080 5
1895 2041 1992 2082 sqq.

337 2094 409 2137 Ad
455 2095 639 2138 alterum
686 2110 824 2152 genus
868 2098 1118 2150 pertinent:
1154 2095 1262 2140 Eur.
1295 2097 1343 2139 fr.
1378 2097 1467 2149 486
1498 2097 1613 2153 (fieri
1647 2105 1796 2151 potest
1830 2105 1992 2147 tamen,

278 2173 327 2209 ut
372 2167 429 2209 ad
475 2168 740 2220 promissum
774 2168 1079 2210 affirmandum
1127 2181 1305 2221 quoque
1353 2168 1440 2210 tale
1474 2170 1539 2211 ius
1572 2170 1802 2212 iurandum
1835 2170 1993 2220 detur).

279 2237 441 2280 Omnia
471 2239 580 2281 haec
612 2240 856 2281 iuramenta
888 2246 1125 2293 postquam
1156 2240 1485 2293 perpendimus,
1519 2247 1714 2283 statuere
1747 2241 1848 2283 licet
1877 2243 1995 2295 apud

278 2311 470 2367 tragicos
516 2318 673 2365 poetas
691 2308 729 2366 3)
778 2312 965 2354 totidem
1013 2312 1104 2353 fere
1147 2311 1255 2353 locis
1302 2312 1357 2354 de
1405 2313 1497 2354 iure
1541 2313 1724 2355 iurando
1756 2315 1995 2356 assertorio

333 2484 368 2529 ι)
394 2484 444 2520 cf.
470 2483 555 2520 Hel.
582 2487 662 2530 835,
690 2493 771 2528 977.

329 2543 365 2589 2)
711 2540 745 2576 εὖ
770 2546 823 2575 νῦν
848 2542 916 2576 τόδ’
940 2543 1025 2587 Tora,
1053 2544 1127 2580 Ζεὺς
1154 2542 1343 2585 ὄμῶμοσται
1375 2542 1493 2587 πατήρ,

709 2603 779 2642 ἤτοι
804 2604 960 2646 μάραγνά
985 2609 1022 2644 γ’
1048 2602 1066 2641 ἢ
1093 2604 1287 2644 καρανιστὴς
1313 2605 1404 2645 μόρος

709 2663 796 2705 μένει
821 2675 859 2696 σε
883 2663 1006 2705 δρῶντα
1031 2662 1150 2698 τοιάδ’.

330 2729 365 2768 3)
390 2723 612 2766 Troadem,
650 2724 775 2770 inquit
814 2723 942 2759 Hirzel
981 2735 1017 2769 p.
1057 2734 1078 2764 4
1115 2734 1150 2760 o.
1177 2723 1210 2768 1.,
1250 2723 1339 2758 darf
1366 2734 1453 2758 man
1493 2723 1593 2758 wohl
1631 2734 1761 2770 sagen,
1803 2724 1894 2760 dass
1932 2724 1995 2760 die

281 2783 449 2820 Theoi-ie
489 2783 558 2819 des
597 2783 847 2825 Alterthums,
886 2794 931 2819 so
975 2784 1064 2818 weit
1103 2784 1158 2818 sie
1186 2783 1294 2818 nicht
1319 2782 1442 2818 durch
1469 2783 1689 2818 besondere
1716 2782 1994 2826 Riicksichten,

283 2843 488 2891 gebunden
516 2853 606 2885 war,
632 2843 707 2878 den
732 2843 807 2878 Eid
833 2854 904 2878 nur
930 2842 985 2878 als
1013 2842 1363 2889 promissorischen
1390 2843 1449 2878 ins
1476 2842 1584 2889 Auge
1612 2842 1742 2878 sasste.

330 2902 430 2938 Sane
469 2902 607 2937 horum
645 2902 949 2938 iuramentorum
988 2902 1179 2948 permulta
1204 2902 1286 2937 sive
1314 2901 1363 2936 ad
1390 2902 1498 2947 ipsos
1525 2912 1654 2937 mores
1680 2901 1882 2937 iudiciales
1910 2913 1997 2948 per·

282 2962 418 3006 tinent,
455 2962 538 2998 sive
576 2961 626 2997 ad
664 2962 885 3008 exemplum
923 2962 1114 2998 eiusmodi
1155 2962 1459 2997 iuramentorum
1486 2967 1575 2997 sunt
1601 2962 1703 3006 data,
1731 2962 1838 3007 quod
1866 2962 1995 3008 capite

283 3022 464 3068 proximo
503 3021 722 3056 accuratius
761 3021 1000 3057 indicaturus
1037 3033 1133 3063 sum,
1171 3026 1261 3056 sunt
1286 3026 1417 3056 tamen
1444 3021 1559 3056 etiam
1589 3021 1791 3067 permulta,
1820 3032 1919 3068 quae
1947 3022 1996 3057 ad

282 3081 486 3116 veritatem
513 3084 661 3116 tantum
688 3081 878 3116 sermonis
905 3080 1171 3116 affirmandam
1197 3080 1348 3116 dentur.
1375 3079 1423 3115 cf.
1451 3080 1606 3126 Soph.
1635 3080 1696 3117 ΕΙ.
1723 3084 1815 3124 88ι;
1846 3080 1888 3117 O.
1919 3081 1995 3119 Col.

285 3149 377 3185 521·,
406 3139 504 3176 Phil.
531 3148 622 3184 3573
649 3139 762 3175 Eur.
788 3141 863 3177 Alc.
893 3150 986 3187 ⁴393
1012 3141 1127 3176 Andr.
1158 3150 1213 3184 37,
1240 3150 1332 3183 9343
1362 3139 1472 3175 Herc.
1501 3139 1522 3174 f.
1545 3141 1624 3185 858.

333 3198 437 3246 Quid
475 3198 604 3235 Hirzel
641 3210 677 3246 p.
716 3213 737 3242 4
775 3199 907 3236 dicere
947 3199 1037 3235 velit·
1075 3200 1183 3235 hisce
1223 3199 1374 3235 verbis:
1413 3198 1490 3243 „So
1529 3200 1619 3235 weit
1656 3200 1711 3235 sie
1739 3199 1846 3236 nicht
1873 3200 1995 3236 durch

287 3258 506 3294 besondere
556 3257 822 3295 Rsscksichten
859 3259 1066 3307 gebunden
1104 3259 1217 3302 war'’,
1263 3269 1339 3295 non
1379 3259 1571 3306 intellego.
1623 3258 1899 3306 Significantne
1938 3260 1997 3297 ius
