2392 3750
1159 340 1205 371 11

320 466 596 520 obstringere
642 463 799 512 solent,
847 475 959 516 quos
992 461 1115 509 deus,
1149 461 1222 514 qui
1256 460 1369 501 inter
1401 471 1585 512 superos
1616 457 1797 507 habitat,
1831 456 2036 496 intuetur.

322 537 477 579 Virum
524 536 745 589 periurum
787 540 934 576 autem
982 539 1084 586 post
1120 539 1322 583 mortem,
1357 532 1399 572 in
1433 529 1568 582 Orco,
1603 542 1747 582 poena
1779 534 1928 569 manet
1962 540 2043 567 nec

322 609 480 650 mirum
512 621 626 658 eum,
661 606 730 647 cui
762 618 928 659 poenas
960 604 1051 645 illas
1084 617 1258 645 sumere
1287 616 1445 644 munus
1484 608 1564 651 est,
1597 601 1656 642 ibi
1683 613 1862 654 quoque
1889 599 2042 640 sedem

322 679 495 719 habere.
546 677 715 718 Eadem
762 677 819 717 de
866 688 998 716 causa
1043 673 1200 715 Furiae
1247 672 1415 715 Orcum
1464 671 1678 713 incolunt.
1737 669 2044 722 Discrepantia

323 749 454 804 igitur
499 754 567 789 est
614 748 783 797 eadem,
831 760 945 800 quae
987 751 1055 786 est
1098 746 1210 786 inter
1243 746 1308 786 ius
1341 745 1572 786 iurandum
1605 748 1826 784 servatum
1857 747 1901 781 et
1934 741 2045 782 iura-

325 826 535 870 mentum,
584 820 704 873 quod
756 817 956 859 violatur.
1001 817 1099 858 Hoc
1143 817 1352 858 damnum
1400 815 1530 857 affert
1562 820 1696 868 atque
1728 826 1908 866 poenas,
1942 812 2046 853 illud

324 904 483 946 magna
515 892 630 933 bona
663 890 964 943 beneficiaque
996 889 1195 930 deorum.

383 962 529 1004 Hirzel
577 963 685 1004 haec
729 962 911 1003 omnino
944 965 1090 1014 negat.
1125 960 1177 1001 Ei
1210 972 1373 1000 nomen
1406 959 1478 1000 dei
1510 957 1666 1000 inferni
1699 955 1908 1010 paulatim
1941 955 2047 996 abiit

324 1036 368 1076 in
408 1035 635 1076 notionem
678 1032 966 1075 universalem
1013 1031 1183 1073 iurandi
1229 1031 1284 1072 cf.
1329 1030 1413 1072 o.l.
1447 1044 1488 1084 p.
1530 1039 1622 1082 154.
1658 1028 1757 1082 Qua
1790 1042 1836 1069 re
1869 1028 1928 1068 ita
1962 1027 2047 1067 for-

325 1106 487 1148 mulam
515 1101 623 1156 ὅρκον
655 1101 822 1153 ὀμνύναι
863 1104 1068 1157 explicet,
1104 1109 1287 1156 apparet
1321 1117 1378 1143 ex
1400 1103 1464 1152 iis,
1495 1115 1608 1156 quae
1625 1100 1785 1142 deinde
1803 1105 2048 1153 sequuntur

325 1193 426 1235 pgg.
481 1186 558 1231 155
608 1191 704 1231 sqq.
768 1176 868 1218 Alio
918 1176 1053 1218 modo
1097 1175 1320 1228 explicare
1363 1187 1452 1216 non
1484 1179 1648 1227 potest,
1687 1171 1795 1226 quid
1833 1171 2049 1227 significet

327 1249 589 1292 vocabulum
621 1246 813 1300 ἐπίορκος.
854 1248 945 1298 „Es
979 1248 1100 1303 giebt
1132 1260 1213 1287 nur
1245 1246 1343 1287 eine
1375 1246 1558 1301 Losung
1591 1246 1671 1286 des
1704 1243 1920 1294 Ratsels”‚
1955 1243 2049 1295 ipse

326 1322 480 1375 inquit,
529 1321 661 1372 „dasz
703 1321 779 1361 wir
820 1320 861 1360 in
901 1317 1047 1370 Ὅρκος
1079 1318 1202 1359 nicht
1228 1319 1314 1359 den
1342 1318 1438 1368 Eid,
1472 1317 1664 1359 sondern
1696 1317 1783 1357 den
1810 1317 1918 1356 iiber
1947 1315 2047 1356 dem

326 1393 437 1435 Eide
466 1392 734 1434 wachenden
762 1391 871 1435 Gott
898 1391 1006 1432 oder
1039 1390 1240 1432 Daemon
1273 1390 1452 1431 sehen'’.
1486 1388 1650 1431 Annon
1681 1387 1765 1429 alio
1798 1387 1933 1428 modo
1966 1386 2049 1427 hoc

326 1465 588 1508 vocabulum
621 1464 830 1518 explicari
863 1463 1017 1517 possit,
1050 1468 1206 1516 postea
1240 1463 1580 1515 perpendemus.

385 1536 515 1579 Solus
562 1536 869 1586 Accusativus,
918 1536 1055 1576 verbo
1102 1534 1223 1588 quod
1261 1541 1329 1574 est
1371 1531 1520 1583 ὄμνυμι
1552 1532 1670 1586 apud
1700 1531 1972 1584 Aeschylum
2006 1538 2049 1572 et

326 1608 596 1662 Sophoclem
643 1609 823 1649 omnino
871 1620 960 1648 non
999 1607 1187 1648 additur.
1221 1605 1455 1658 Euripides
1486 1603 1786 1657 compluribus
1818 1603 1925 1644 locis
1958 1604 2050 1644 eius

329 1681 448 1722 modi
481 1680 614 1721 habet
647 1679 856 1721 formulas
889 1693 935 1720 sc
980 1677 1155 1734 (Rhes.)
1183 1678 1293 1729 8163
1323 1671 1365 1717 εὖ
1393 1691 1457 1717 νυν
1485 1674 1572 1717 τόδ’
1599 1673 1697 1725 ἴστε,
1724 1674 1820 1722 Ζεὺς
1838 1673 2050 1724 ὀμώμοται

328 1753 485 1804 παπ-ἡκ
533 1752 650 1793 Med.
695 1760 805 1804 7473
854 1750 986 1804 Hipp.
1022 1760 1120 1803 713,
1163 1758 1297 1802 1025;
1330 1750 1492 1791 Phoen.
1527 1759 1638 1800 433;
1671 1747 1770 1789 Hel.
1805 1750 1904 1799 348,
1939 1748 2049 1800 835;

329 1824 421 1878 Iph.
453 1823 507 1866 A.
541 1832 626 1876 473
667 1820 943 1876 (κατόμνυμι).

495 2105 542 2143 Β.
601 2104 667 2143 De
696 2104 941 2152 particulis
971 2104 1018 2142 in
1049 2103 1163 2141 iuris
1193 2102 1379 2140 iurandi
1408 2101 1624 2140 formulis
1654 2100 1888 2139 adhibitis.

392 2345 461 2387 De
505 2344 730 2399 particulis
776 2346 818 2386 in
867 2346 958 2386 iure
1005 2344 1189 2395 iurando
1243 2343 1414 2384 usitatis
1466 2343 1550 2383 iam
1598 2341 1816 2394 permulta
1847 2354 1873 2380 a
1905 2339 2053 2380 multis

333 2418 622 2471 scriptoribus
653 2423 756 2459 sunt
787 2418 919 2470 dicta,
951 2423 999 2458 ut
1032 2429 1171 2469 pauca
1203 2422 1375 2457 tantum
1414 2415 1468 2455 de
1501 2415 1552 2455 iis
1588 2413 1747 2455 afferre
1779 2425 1892 2466 opus
1925 2411 1993 2452 sit.

844 2570 885 2596 α.
933 2554 1016 2596 De
1063 2552 1393 2607 particula
1441 2549 1546 2592 Md.

394 2658 517 2700 Haec
544 2657 768 2711 particula,
803 2657 858 2699 de
876 2656 1001 2699 cuius
1019 2655 1186 2710 origine
1215 2654 1294 2696 viri
1312 2655 1433 2696 docti
1461 2653 1587 2695 valde
1613 2653 1878 2694 dissentiunt
1897 2649 1927 2702 ¹)
1956 2664 2057 2692 cum

391 2868 422 2895 1)
449 2856 535 2901 Alii,
562 2856 662 2892 inter
689 2867 790 2902 quos
817 2856 1053 2901 Hartung‚
1082 2854 1238 2891 Griech.
1271 2853 1465 2890 Partikcln
1492 2853 1524 2888 11
1551 2864 1587 2899 p.
1615 2855 1660 2897 89
1686 2857 1726 2888 et
1757 2855 1821 2888 108
1847 2857 1986 2898 putant
2011 2855 2059 2893 μά

338 2916 593 2953 derivandum
633 2926 721 2951 esse
762 2926 783 2950 a
810 2915 1001 2961 particula
1028 2915 1259 2950 sanseritica
1300 2915 1359 2949 mci
1398 2913 1557 2960 (Dorice
1583 2911 1644 2955 μή)
1674 2913 1918 2958 eandemque
1945 2912 2061 2959 igitur

340 2977 484 3012 habere
524 2976 601 3012 vim
639 2981 758 3022 atque
797 2974 844 3017 οὐ,
884 2975 991 3021 quod
1030 2975 1092 3010 alii
1138 2985 1298 3020 prorsus
1337 2979 1491 3019 negant,
1523 2983 1612 3008 curn
1639 2983 1758 3018 saepe
1784 2976 1832 3013 μά
1859 2982 1946 3007 cum
1975 2972 2059 3017 ipsa

340 3036 530 3083 particula
555 3034 592 3067 οὐ
619 3036 887 3081 coniungatur.
915 3034 983 3070 Vis
1011 3034 1204 3080 principio
1230 3044 1356 3079 neque
1379 3033 1449 3068 suit
1463 3032 1705 3074 affirmativa,
1719 3042 1847 3078 neque
1862 3031 2060 3077 negativa3

340 3097 430 3143 quia
464 3101 594 3131 autem
629 3095 786 3140 saepius
824 3094 906 3130 sive
933 3093 981 3138 οὐ,
1008 3094 1090 3129 sive
1117 3094 1174 3125 ναί
1195 3094 1423 3134 addebatur,
1452 3092 1511 3127 vel
1538 3093 1718 3139 negative
1746 3092 1804 3127 vel
1831 3091 2059 3127 affirmative

341 3155 519 3201 usurpari
546 3159 712 3200 poterat.

390 3215 461 3250 Κῡ
477 3215 500 3250 h
516 3225 574 3250 ne
590 3224 619 3257 r,
646 3213 752 3249 Ausf.
781 3213 846 3250 Gr.
875 3211 1066 3250 Gramm.⁸
1091 3212 1132 3254 11,
1149 3222 1179 3255 2,
1201 3223 1236 3258 p.
1269 3215 1333 3251 148
1359 3212 1454 3247 dicit
1482 3212 1556 3246 hoc
1584 3211 1814 3247 vocabulum
1847 3210 2061 3246 cohaerere

342 3285 430 3311 cum
468 3278 533 3315 μάν
572 3278 689 3320 atque
723 3271 796 3316 μήν,
822 3284 923 3320 quae
952 3273 1027 3308 vim
1054 3271 1325 3308 affirmativam
1363 3282 1521 3318 quoque
1561 3271 1706 3307 habent
1732 3271 1887 3311 <Latine
1916 3281 1973 3306 ve
1990 3276 2062 3314 ro)
