2392 3750
1116 337 1174 379 49

289 460 614 504 Roschero
654 466 764 515 puto
809 459 866 503 Ο.
898 460 948 502 R.
1003 460 1112 512 1087
1160 459 1402 514 Olympum
1434 459 1593 501 eodem
1627 459 1762 501 modo
1794 472 1892 501 esse
1924 470 2001 501 ex·

289 532 554 586 plicandum.

348 604 627 658 Quamquam
659 604 779 646 hisce
811 604 951 646 tribus
982 603 1090 645 locis
1118 617 1197 657 per
1229 604 1373 657 ipsum
1400 603 1534 645 deum
1551 615 1640 644 non
1658 604 1836 653 iuratur,
1854 609 2003 644 tamen

290 675 424 730 liquet
457 690 550 727 eos,
583 676 658 728 qui
689 675 888 717 iurabant
920 675 976 717 de
1009 675 1094 716 deo
1126 676 1218 716 sive
1250 674 1415 716 fulmen
1446 680 1696 727 torquente,
1729 674 1821 715 sive
1855 670 2004 726 Olym-

289 761 394 800 pum
422 748 648 789 habitante
679 748 957 802 cogitavisse.

347 819 517 861 Eadem
565 826 634 861 est
681 820 791 860 ratio
824 820 1185 868 iuramentorum,
1218 831 1330 871 quae
1362 818 1496 860 habet
1528 815 1799 871 Euripides:
1828 815 2011 872 (Rhes.)

289 891 405 943 827;
443 889 536 932 Ion.
573 892 687 944 8703
721 889 859 944 Hipp.
893 898 1031 944 10253
1065 889 1161 931 Hel.
1196 891 1310 942 348;
1349 888 1465 931 Med.
1501 891 1599 942 746,
1633 898 1734 942 752,
1769 890 1819 931 fr.
1851 886 2004 942 487¹),

289 974 375 1015 qua
412 964 456 1004 in
490 976 535 1004 re
566 975 656 1004 non
690 969 759 1004 est
792 962 1140 1005 obliviscendum
1173 962 1281 1004 haec
1315 969 1409 1003 arte
1442 975 1543 1004 cum
1566 962 1767 1003 doctrina
1783 961 2004 1014 Euripidis

289 1035 540 1078 cohaerere.

347 1107 533 1148 Restant
595 1105 828 1148 nonnullae
874 1105 1088 1147 formulae
1142 1106 1341 1158 quamvis
1399 1118 1579 1158 paucae,
1638 1106 1681 1146 in
1729 1105 1888 1157 quibus
1934 1118 2004 1146 res

288 1181 559 1228 invocantur,
594 1191 707 1231 quae
746 1191 845 1219 cum
897 1177 1104 1232 religione
1154 1178 1339 1218 deorum
1385 1177 1566 1218 omnino
1613 1177 1874 1218 coniunctae
1906 1190 2004 1218 esse

289 1264 377 1292 non
411 1251 653 1310 videantur,
687 1247 893 1290 dextram
927 1249 1039 1298 dico,
1073 1262 1228 1305 genua,
1278 1248 1470 1302 aliasque
1504 1254 1651 1302 partes
1683 1248 1895 1301 corporis,
1929 1254 2005 1290 aut

281 1320 508 1376 gladium,
542 1321 728 1372 hastam,
763 1320 859 1362 alia.

348 1391 505 1434 Phoen.
545 1394 669 1446 1677.
719 1406 818 1434 cum
867 1393 1059 1434 iuratur:
1105 1389 1198 1432 ἴστω
1229 1389 1384 1442 σίδηρος
1415 1387 1538 1442 ὅρκιόν
1569 1389 1614 1432 τέ
1654 1404 1720 1441 μοι
1762 1387 1883 1447 ξίφος
1914 1403 2003 1432 non

248 1469 250 1471 '
289 1465 414 1506 facile
446 1465 544 1517 quis
577 1465 738 1506 dixerit
774 1463 967 1519 gladium
998 1464 1082 1504 hoc
1114 1463 1213 1504 loco
1246 1464 1378 1504 deum
1410 1463 1479 1504 vel
1510 1464 1642 1504 etiam
1674 1463 1759 1504 deo
1792 1463 2003 1504 maiorem

289 1537 452 1587 haberi,
495 1537 539 1578 id
572 1537 692 1589 quod
719 1532 893 1576 >Ae-ech.
927 1533 1042 1588 Sept.
1079 1534 1183 1579 adv.
1222 1533 1348 1575 Theb.
1385 1535 1469 1587 516
1500 1534 1593 1576 fieri
1624 1535 1824 1576 vidimus.
1887 1533 2004 1576 Sane

289 1606 475 1648 Lucian.
514 1606 555 1648 T
551 1621 676 1648 οταν.
713 1609 766 1659 38
801 1605 835 1661 2)
883 1613 1042 1648 ventus
1089 1613 1133 1647 et
1178 1607 1311 1660 pugio
1343 1619 1368 1647 a
1400 1605 1566 1647 Toxari
1608 1606 1667 1648 dii
1708 1607 2002 1656 nominantur,

287 1681 366 1721 sed
400 1680 443 1721 id
475 1680 613 1736 magis
649 1692 727 1732 per
758 1680 917 1730 iocum,
950 1684 1026 1720 aut
1056 1678 1229 1719 ludibrii
1261 1691 1393 1719 causa
1423 1678 1516 1719 fieri
1549 1683 1670 1731 puto.
1703 1678 1840 1719 Vario
1867 1678 2003 1719 modo

288 1751 396 1793 haec
438 1753 680 1793 iuramenta
713 1764 790 1804 per
822 1765 943 1792 arma
974 1751 1077 1792 data
1112 1749 1388 1803 explicantur
1414 1756 1624 1802 certeque
1655 1755 1864 1800 statuere,
1897 1749 2003 1802 quid

288 1823 549 1878 significent,
593 1822 769 1864 difficile
800 1823 985 1864 videtur.
1050 1822 1332 1864 Potissimum
1379 1820 1460 1862 hac
1503 1821 1547 1862 in
1577 1835 1623 1862 re
1657 1834 1757 1862 cum
1790 1821 1842 1863 iis
1874 1820 2002 1871 facio,

288 1896 362 1948 qui
399 1901 555 1949 putent
600 1894 791 1951 gladium
824 1894 908 1935 hoc
940 1894 1039 1936 loco
1070 1907 1168 1936 esse
1201 1894 1372 1949 signum
1405 1905 1575 1946 poenae
1605 1893 1787 1946 eiusque
1813 1905 2003 1934 comme-

289 1969 580 2010 morationem
627 1967 813 2008 eandem
860 1967 1022 2008 habere
1084 1966 1172 2007 vim
1219 1974 1352 2018 atque
1399 1964 1622 2006 victimam
1655 1963 1926 2006 immolatam
1959 1969 2004 2006 et

289 2053 315 2081 a
347 2040 442 2081 viro
474 2039 643 2080 iurante
675 2044 839 2080 tactam
875 2035 923 2086 ³).
987 2037 1195 2080 Fortasse
1242 2036 1340 2091 quis
1391 2039 1451 2079 ita
1482 2039 1627 2080 iurans
1653 2038 1845 2094 gladium
1877 2037 2005 2078 strin-

289 2113 421 2167 gebat
470 2111 538 2152 vel
585 2110 959 2164 apprehendebat,
1007 2111 1182 2163 deoque
1228 2116 1347 2152 teste
1391 2110 1596 2151 invocato
1642 2107 1744 2162 τῷδε
1789 2108 1845 2161 τῷ
1892 2105 2003 2160 ξίφει

289 2180 452 2232 ὀλοίμην
485 2182 553 2224 vel
596 2182 683 2224 tale
717 2183 823 2235 quid
858 2183 1049 2224 addebat
1070 2178 1118 2236 ¹¹),
1152 2194 1265 2234 quae
1297 2183 1573 2223 caeremonia
1605 2188 1707 2235 post
1739 2182 1781 2223 in
1814 2181 1885 2223 dei
1916 2187 2003 2222 tes-

289 2255 466 2296 tationis
528 2254 671 2295 locum
719 2255 907 2307 irrepsit,
969 2265 1236 2307 quamquam
1298 2255 1485 2306 probare
1542 2253 1625 2295 hoc
1685 2252 1862 2295 difficile
1920 2258 2002 2293 est.

288 2326 495 2379 Antiquis
525 2327 799 2380 temporibus
831 2326 902 2368 dei
934 2326 1306 2368 contestationem
1339 2339 1425 2367 una
1458 2339 1558 2367 cum
1591 2326 1652 2367 rei
1683 2338 2002 2367 commemora-

288 2400 409 2440 tione
456 2398 615 2440 eodem
663 2398 706 2439 in
735 2399 827 2439 iure
859 2398 1042 2439 iurando
1075 2397 1170 2439 fieri
1201 2398 1295 2450 ipsa
1329 2397 1545 2450 quaedam
1579 2398 1824 2440 iuramenta
1855 2404 2002 2440 osten-

288 2471 411 2523 dunt,
444 2482 557 2523 quae
588 2470 705 2524 apud
751 2469 995 2511 Homerum
1042 2468 1258 2524 leguntur.
1322 2469 1382 2511 lta
1427 2468 1619 2511 Achilles
1666 2483 1745 2523 per
1777 2476 2002 2524 sceptrum

343 2719 374 2764 ι)
411 2719 460 2755 cs.
494 2719 776 2766 Aristoph.
815 2719 1020 2756 Thesm.
1049 2729 1136 2765 ²723
1164 2718 1283 2755 Rani
1313 2728 1375 2762 3¹¹
1398 2730 1405 2753 :
1430 2719 1494 2751 τίν’
1518 2718 1720 2761 αἰτιάσωμαι
1744 2722 1823 2752 snm
1850 2717 2004 2761 μὀὶπολ-

290 2777 394 2821 ndum,
420 2778 535 2820 alsfpoe
565 2782 637 2817 Διός
662 2778 824 2821 δωμάτιον
849 2778 868 2818 ἥ
892 2781 1010 2822 χρόνον
1035 2778 1130 2815 πόδα,

340 2838 374 2882 2)
412 2838 597 2875 Toxaris:
638 2837 674 2872 οὔ
711 2842 759 2881 μοὶ
795 2841 872 2884 γὰρ,
911 2839 1035 2885 inquit
1074 2840 1130 2872 τὸν
1162 2838 1301 2880 ’Άνιμον
1339 2839 1472 2871 καὶτὸν
1499 2837 1670 2876 Ἀκινάκην
1696 2836 1785 2870 οὔδὶν
1809 2838 1882 2879 πρὸς
1906 2840 1954 2879 σέ,
1979 2837 2003 2870 ὦ

290 2896 477 2941 Μνήσιππε,
504 2897 619 2938 ψεῦδος
642 2897 701 2940 ’ipa
726 2902 795 2940 περὶ
819 2902 879 2931 τῶν
893 2898 995 2940 φίλων
1008 2902 1071 2931 τῶν
1085 2902 1255 2939 Σκυθικῶν,
1271 2898 1333 2934 cui
1348 2898 1489 2933 deinde
1504 2897 1756 2944 Menesippus
1770 2897 2002 2944 respondet:

290 2959 379 2998 Ἐγὼ
429 2958 487 2999 μὶν
535 2957 571 2991 οὗ
622 2958 707 2991 πάνυ
744 2969 804 2991 σου
838 2956 1003 3000 ὀμνύοντος
1040 2956 1179 2999 ὶδεόμην·
1217 2958 1258 2989 σὺ
1293 2956 1327 2990 δὶ
1364 2956 1446 2998 ὅμως
1482 2952 1514 2988 εὖ
1547 2960 1645 2989 ποιῶν
1682 2955 1795 2989 οὐδένα
1827 2960 1887 2990 τῶν
1922 2960 2003 2989 θεῶν

290 3016 458 3059 brunda-u,
497 3017 603 3064 quod
640 3017 807 3054 Toxaris
833 3027 1003 3065 negans:
1042 3018 1089 3050 'rl
1116 3016 1168 3059 οὔ,
1198 3017 1332 3063 inquit,
1359 3016 1483 3059 λίγεις;
1513 3014 1551 3048 οὔ
1573 3027 1624 3049 σοι
1650 3014 1797 3049 δοκοῦσιν
1823 3017 1840 3049 ό
1864 3015 2004 3058 ’Ἄνεμος

291 3079 344 3110 καὶ
369 3077 385 3109 ὀ
410 3077 579 3115 Ἀκινάκης
602 3079 668 3110 9⁸61
693 3075 770 3111 εἶναι
796 3089 881 3124 sqq.

341 3138 377 3180 3)
416 3136 473 3172 De
511 3137 703 3173 eiusmodi
739 3138 1044 3173 iuramentorum
1083 3135 1364 3183 significatione
1404 3135 1453 3171 cs.
1493 3135 1585 3172 Enc.
1625 3135 1866 3172 Brittannica
1904 3146 1933 3171 s.
1968 3147 2002 3172 v.

291 3195 407 3238 Oath,
434 3202 639 3243 praeterea
664 3196 763 3232 Sittl.
790 3207 827 3233 o.
854 3196 879 3232 l.
904 3207 940 3243 p.
973 3208 984 3232 i
993 3207 1048 3240 39.

340 3259 378 3296 4)
403 3255 452 3291 cf.
480 3255 593 3292 Eur.
620 3255 746 3294 Med.
777 3266 853 3297 1⁴⁴.
