2326 3718
1062 294 1142 334 113

420 413 462 454 D
479 427 503 454 e
550 413 588 455 E
604 427 632 455 u
650 427 670 455 r
687 413 700 454 i
716 427 746 467 p
763 414 776 454 i
793 414 822 455 d
840 427 880 456 e.

299 482 369 526 El.
410 493 532 537 1354.
566 484 772 527 Dioscuri
803 498 860 527 ne
892 486 991 539 quis
1022 486 1203 539 peieret,
1236 493 1471 528 monentes

595 557 727 603 οὕτως,
759 556 1062 608 adhortantur,
1094 555 1235 598 ἀδικῶν
1268 555 1407 607 μηδεὶς
1443 555 1598 598 θελέτω

596 625 692 678 μηδ’
727 625 911 678 ἐπιόρκων
943 625 1054 677 μέτα
1086 626 1330 678 συμπλείτω

596 695 694 745 θεὸς
725 696 773 739 ὢν
804 695 965 747 θνητοῖς
996 698 1185 750 ἀγορεύω.

299 768 474 810 Etenim
506 772 586 816 τοῖς
618 768 692 820 μὲν
722 773 931 821 μυσαροῖς,
963 771 1176 824 inquiunt,
1209 770 1278 812 οὐκ
1309 770 1567 822 ἐπαρήγομεν
1599 772 1753 826 (1350)
1770 770 1825 830 1).

301 838 406 881 Hik.
440 851 551 893 1194
578 854 672 894 sqq.
703 840 748 890 ἦν
770 841 807 883 δ’
826 839 948 893 ὅρκον,
965 843 1152 896 imperat
1170 843 1378 894 Minerva,
1397 841 1631 889 ἐκλιπόντες
1649 841 1821 884 ἔλθωσιν
1840 842 1956 884 πόλιν

699 914 832 960 κακῶς
864 910 1034 955 ὀλέσθαι
1065 911 1283 965 πρόστρεπ’
1321 912 1513 966 Ἀργείων
1548 911 1702 966 χθόνα.

299 982 467 1025 Graves
500 997 671 1037 poenae
704 992 884 1027 manent
916 999 1030 1037 eum,
1064 986 1139 1038 qui
1170 987 1237 1027 ius
1271 987 1502 1028 iurandum
1535 987 1687 1029 datum
1711 1000 1800 1028 non
1817 995 1955 1029 curet.

297 1052 430 1108 Hipp.
480 1054 626 1097 Antea
667 1057 753 1098 iarn
810 1058 1044 1110 copiosius,
1091 1064 1306 1110 quantum
1347 1057 1593 1112 Hippolyto
1626 1059 1693 1101 ius
1724 1059 1955 1101 iurandum

238 1125 414 1175 valeret,
462 1128 760 1180 exposuimus.
810 1128 965 1182 Neque
1009 1128 1077 1170 ille
1119 1141 1263 1182 neque
1309 1131 1466 1171 chorus
1510 1130 1730 1172 silentium
1762 1131 1954 1184 rumpit:

237 1197 488 1239 iuraverunt
524 1212 571 1240 se
603 1200 830 1241 tacituros.

297 1267 507 1311 Attamen
554 1271 597 1311 in
644 1285 788 1313 rerum
835 1272 1087 1314 discrimine
1134 1271 1403 1326 Hippolytus
1452 1273 1638 1315 dubitat.
1685 1274 1726 1315 A
1770 1274 1952 1324 nutrice,

236 1340 359 1381 cuius
406 1341 536 1383 foeda
583 1343 811 1396 proposita
858 1356 957 1385 cum
1005 1343 1304 1399 indignatione
1347 1345 1526 1398 respuit,
1559 1346 1614 1386 de
1646 1345 1739 1387 iure
1770 1345 1954 1387 iurando

235 1411 500 1463 admonitus,
533 1426 623 1466 quo
656 1414 758 1455 nihil
790 1415 1058 1468 aperiturum
1091 1428 1139 1456 se
1170 1416 1421 1466 obstrinxit,
1455 1417 1517 1457 ira
1549 1416 1709 1458 ductus

413 1483 436 1531 ἧ
468 1485 624 1532 γλαῦκ’
660 1485 892 1537 exclamat,
926 1483 1138 1537 ὀμώμοκ’,
1170 1486 1192 1535 ἦ
1229 1484 1272 1527 δὲ
1304 1487 1412 1539 φρὴν
1445 1485 1650 1537 ἀνώμοτος
1682 1488 1804 1541 (612)

234 1565 366 1607 quam
416 1557 679 1598 sententiam
716 1550 926 1613 vmagnam
968 1557 1305 1600 Atheniensium
1349 1559 1695 1614 indignationem
1731 1560 1953 1601 excitasse

235 1627 558 1669 adnotavimus.

294 1697 463 1751 Restat,
511 1704 556 1739 ut
588 1700 870 1752 inquiramus,
906 1714 1010 1742 rene
1042 1714 1144 1743 vera
1185 1701 1288 1743 nihil
1320 1702 1402 1743 nisi
1435 1702 1747 1758 indignationis
1778 1703 1950 1758 signum

234 1769 303 1822 sit,
337 1770 458 1822 quod
488 1777 646 1823 postea
681 1771 971 1825 Hippolytum
1003 1774 1276 1826 poenitebat,
1311 1773 1354 1815 id
1386 1774 1507 1826 quod
1539 1774 1721 1829 Berlage
1739 1772 1776 1829 2)
1796 1781 1952 1827 putare

234 1841 407 1883 videtur
438 1855 492 1882 an
524 1844 696 1897 gravius
728 1844 834 1896 quid
865 1857 944 1897 per
975 1858 1071 1885 eam
1105 1846 1146 1886 in
1174 1846 1368 1887 medium
1386 1846 1585 1899 proferre
1602 1852 1735 1899 poeta
1751 1845 1951 1887 voluerit.

293 1912 440 1954 Facile
475 1914 675 1956 concedo
707 1915 909 1956 iuvenem
943 1917 1004 1957 ira
1036 1923 1309 1958 commotum
1342 1923 1509 1958 temere
1527 1916 1800 1959 exclamasse
1818 1918 1951 1959 verba

233 1982 420 2035 laudata,
462 1998 550 2027 non
593 1992 741 2027 tamen
775 1993 941 2028 temere
973 1993 1151 2041 poetam
1183 2000 1361 2041 quoque
1393 2002 1446 2029 ea
1477 1989 1720 2042 scripsisse,
1754 1989 1797 2030 id
1831 1989 1951 2041 quod

232 2058 288 2098 ab
331 2056 458 2098 huius
499 2058 693 2099 auctoris
735 2059 1003 2112 sagacissimi
1035 2059 1181 2101 indole
1214 2073 1393 2112 prorsus
1426 2066 1494 2101 est
1524 2060 1710 2101 alienum
1727 2056 1776 2114 ⁸).
1811 2060 1950 2102 Multo

234 2129 315 2170 fuit
348 2129 530 2179 acutior,
564 2140 695 2181 quam
728 2136 776 2170 ut
805 2142 894 2171 non
926 2130 1215 2172 intellexisset
1248 2131 1349 2172 talia
1380 2132 1499 2173 cives
1532 2145 1637 2173 suos
1658 2138 1947 2182 commotura,

233 2200 368 2241 immo
414 2201 470 2241 de
517 2201 730 2242 industria
772 2215 824 2242 ea
855 2203 1101 2255 praeponit,
1135 2210 1182 2245 ut
1216 2216 1273 2244 ex
1307 2204 1356 2244 iis
1388 2202 1715 2258 intellegeretur
1746 2203 1949 2245 iuvenem

234 2271 513 2314 innocentem
546 2285 698 2315 secum
731 2274 827 2326 ipso
858 2275 1070 2315 acerrime
1103 2287 1298 2329 pugnare
1317 2272 1370 2329 ¹¹).
1403 2274 1502 2316 Non
1537 2281 1603 2316 est
1620 2275 1687 2316 ius
1705 2275 1948 2326 iurandum,

285 2437 317 2482 ι)
343 2437 390 2473 cf.
419 2438 576 2485 Antiph.
603 2438 665 2483 VI,
690 2441 747 2482 83.

280 2498 315 2540 2)
341 2496 389 2532 cf.
417 2497 480 2533 Be
496 2498 536 2533 rl
553 2509 574 2533 a
591 2508 662 2544 ge,
709 2498 997 2534 Commentatio
1023 2499 1071 2534 ‹le
1098 2499 1284 2546 Euripide
1315 2499 1550 2546 philosopho
1574 2511 1609 2546 p.
1643 2510 1707 2546 154
1733 2501 1856 2544 (1888)
1881 2500 1947 2536 ubi

232 2556 351 2592 verba
390 2557 588 2604 Hippolyti
626 2558 809 2594 laudans:
845 2558 946 2604 „Sed
984 2558 1079 2601 aliis,
1110 2560 1245 2605 inquit,
1272 2570 1428 2605 quoque
1458 2561 1671 2596 rationibus
1697 2570 1816 2606 prave
1844 2559 1947 2596 facta

232 2622 480 2653 excusantur.
520 2617 694 2664 Quorum
734 2618 915 2665 exempla
952 2619 1124 2664 petenda
1157 2624 1246 2655 sunt
1272 2630 1293 2654 e
1322 2619 1460 2655 sabulis
1486 2620 1712 2666 deperditis.
1739 2619 1780 2655 In
1806 2619 1947 2666 quibus

233 2680 378 2721 quanta
403 2677 583 2712 cautione
610 2688 710 2723 opus
741 2678 803 2720 sit,
829 2677 1029 2714 illustrabo
1054 2679 1259 2715 notissimo
1287 2679 1487 2725 Hippolyti
1514 2689 1628 2715 versu
1655 2678 1756 2725 (612)
1783 2679 1948 2720 ἣνλῦσσ*

232 2732 385 2777 ὄμόμσχ·
410 2735 428 2771 ἡ
455 2734 489 2768 δ)
514 2736 594 2778 Φρῆν
617 2735 790 2777 ἀνώμοτος.
813 2737 853 2772 In
879 2738 995 2773 rebus
1022 2738 1276 2784 sequentibus
1290 2738 1392 2774 enim
1410 2738 1644 2785 Hippolytus
1658 2743 1807 2774 tantum
1823 2738 1946 2783 abest,

233 2799 274 2828 ut
312 2793 426 2829 fidem
466 2795 627 2842 frangat,
667 2802 709 2832 ut
742 2802 879 2832 contra
905 2808 1055 2833 summa
1082 2808 1170 2833 curn
1197 2797 1382 2844 religione
1409 2803 1552 2843 servet,
1579 2808 1814 2844 quamquam
1841 2797 1945 2833 clare

233 2852 340 2889 videt
365 2853 404 2888 id
431 2854 503 2889 sibi
531 2854 652 2891 exitio
678 2855 772 2892 fore.
800 2856 886 2892 Hoc
914 2857 1029 2903 igitur
1055 2857 1228 2892 ostendit
1255 2867 1407 2892 versum
1434 2857 1536 2893 illurn
1559 2857 1824 2904 indignatione
1840 2867 1945 2893 com-

234 2917 342 2947 moto
380 2917 526 2948 temere
565 2914 771 2958 excidisse,
811 2915 943 2962 itaque
983 2915 1192 2951 absurdum
1230 2926 1317 2951 esse
1354 2926 1405 2951 ex
1431 2916 1494 2952 illo
1520 2916 1738 2952 doctrinam
1765 2917 1946 2961 conflare,

233 2971 344 3017 quasi
371 2971 572 3008 iurandum
598 2972 732 3010 liceret
754 2974 935 3010 violares·
1100 3008 1104 3011 .

281 3030 317 3076 3)
354 3031 403 3067 cf.
443 3031 486 3067 Κ.
514 3031 732 3078 Kuiper‚
769 3033 1052 3081 wijsbegeerte
1078 3045 1126 3071 en
1153 3034 1393 3071 Godsdienst
1420 3036 1456 3071 in
1484 3036 1552 3071 het
1575 3035 1710 3072 drama
1735 3046 1808 3072 van
1835 3035 1944 3071 Euri-

233 3090 355 3136 pides,
387 3093 486 3135 1888,
514 3101 548 3138 p.
581 3101 655 3137 ¹52-

280 3149 317 3195 4)
344 3150 391 3186 es,
418 3150 674 3194 Schmidt,
701 3151 819 3188 Ethik
844 3152 881 3189 d.
908 3163 940 3188 a.
969 3152 1034 3189 Gr.
1061 3165 1096 3200 p.
1124 3155 1146 3189 8
1172 3153 1193 3189 i.
1220 3153 1264 3189 f.:
1297 3154 1456 3199 „Dieser
1471 3154 1631 3190 Dichter
1645 3154 1767 3201 (Eur.)
1780 3154 1943 3190 brachte

269 3236 276 3244 .
304 3233 315 3245 .
341 3236 349 3245 .
377 3210 437 3245 ein
465 3210 628 3256 Beispiel
656 3210 726 3246 des
753 3211 1047 3248 schrecklichen
1075 3212 1286 3251 Conflictes
1312 3212 1380 3248 auf
1403 3213 1465 3248 die
1494 3213 1637 3257 Buhne,
1665 3214 1735 3250 der
1756 3214 1943 3259 cntsteht,

1778 3282 1800 3316 8
