2326 3718
1184 306 1266 347 114

359 427 499 480 inquit
532 425 812 480 Hippolytus,
847 438 1113 479 quamquam
1143 427 1245 468 iuris
1273 426 1441 468 iurandi
1460 426 1648 468 formulo
1666 426 1783 469 dicta
1800 432 1888 478 est;
1924 426 1947 475 ἧ
1974 425 2075 478 Φρήν

362 498 491 549 enim,
541 499 664 540 cuius
699 499 880 539 omnino
913 499 1059 549 refert,
1095 496 1177 538 ἐστ’
1210 497 1415 547 ἀνώμοτος
1436 496 1478 550 ¹),
1512 498 1647 539 immo
1679 499 1868 540 tacendo
1900 498 2077 540 sceleris

360 569 582 622 particeps
630 568 730 609 fiam
749 566 796 623 2).
847 568 1026 610 Minime
1059 569 1197 622 turpis
1231 575 1299 610 est
1331 582 1477 610 sermo
1510 569 1592 620 hic,
1628 570 1806 611 minime
1838 569 2078 611 reservatio

362 640 475 681 inest
522 639 723 680 mentalis
771 651 884 692 quae
932 640 1090 681 dicitur
1123 637 1171 694 3),
1219 653 1300 682 nec
1332 642 1513 682 omnino
1546 654 1603 681 ex
1636 642 1686 682 iis
1719 653 1930 694 apparere
1961 653 2076 682 nunc

361 711 573 763 temporis
604 723 760 751 omnes
794 711 885 751 fere
918 711 1168 752 concedunt
1187 707 1235 766 ¹¹),
1268 712 1388 764 parvi
1422 713 1487 753 ius
1516 713 1744 753 iurandum
1762 713 1817 753 ab
1835 711 2078 765 Hippolyto

362 782 523 823 haberi.
557 781 655 823 Hoc
687 787 859 823 tantum
892 788 1024 835 poeta
1056 782 1261 824 docuisse
1294 783 1494 824 videtur:
1529 783 1643 824 Fieri
1676 790 1838 836 potest,
1871 790 1920 825 ut
1951 796 2079 825 casus

361 853 537 903 incidat,
586 864 674 905 quo
722 853 786 894 vir
832 852 898 894 vel
947 853 1209 895 iustissimus
1253 855 1318 896 ius
1363 855 1591 896 iurandum
1635 868 1814 907 prorsus
1846 855 2078 911 neglegere

361 926 536 977 debeat,
578 925 849 980 gravioribus
881 925 1037 966 officiis
1070 925 1171 977 quia
1203 925 1247 966 id
1279 926 1529 979 imperatur.
1563 925 1662 979 Qua
1694 926 1749 967 de
1782 939 1913 967 causa
1942 925 2079 967 Athe-

362 996 552 1049 nienses,
594 996 696 1038 licet
730 995 1000 1049 Hippolytus
1033 1003 1190 1049 postea
1222 998 1288 1038 ius
1321 998 1550 1039 iurandum
1582 1010 1714 1050 quam
1747 998 1958 1039 fidissime
1989 1011 2079 1039 ser-

363 1068 541 1119 vaverit,
590 1069 724 1109 verba
770 1067 944 1110 laudata
991 1074 1227 1122 tantopere
1269 1069 1610 1124 indignarentur,
1654 1070 1857 1111 conicere
1890 1070 1989 1111 licet
2021 1083 2079 1111 ex

362 1139 426 1190 iis,
459 1152 572 1192 quae
604 1138 923 1192 Aristophanes
957 1140 1011 1181 de
1044 1146 1177 1192 poeta
1209 1139 1469 1181 Atheniensi
1502 1141 1622 1182 dicit.
1655 1141 1784 1196 (Ran.
1822 1149 1924 1194 1051
1963 1140 2079 1195 sqq.)

598 1208 871 1261 ἀποκρύπτειν
907 1210 1004 1262 χρή,
1038 1212 1192 1264 inquit,
1226 1210 1271 1252 τὸ
1304 1210 1462 1262 πονηρὸν
1493 1209 1560 1252 τόν
1592 1225 1643 1261 γε
1675 1213 1842 1263 non-{rm

601 1281 670 1323 καὶ
704 1284 763 1332 μὴ
797 1280 1000 1334 παράγειν
1035 1281 1136 1333 μηδὲ
1167 1280 1378 1323 διδάσκειν·
1411 1286 1493 1329 τοῖς
1525 1282 1597 1333 μὲν
1631 1282 1711 1335 γὰρ
1737 1282 1998 1334 παιδαρίοισιν

602 1352 685 1395 ἔστι
716 1352 961 1401 διδάσκαλος
993 1351 1100 1401 ὅστις
1134 1352 1297 1410 φράζει,
1329 1357 1408 1402 τοῖς
1440 1352 1587 1404 ἧβῶσιν
1618 1354 1660 1395 δὲ
1693 1353 1860 1403 ποιηταί

603 1424 711 1467 πάνυ
743 1424 790 1472 δὴ
822 1424 886 1466 δεῖ
913 1424 1080 1478 χρηστοὶ
1113 1425 1245 1475 λέγειν
1277 1426 1387 1476 ἡμᾶς
1405 1424 1457 1482 5).

424 1497 550 1538 Licet
586 1498 776 1539 fortasse
809 1498 983 1551 saepius
1017 1499 1099 1550 ipsi
1131 1499 1374 1540 iuramenta
1407 1498 1704 1554 neglegerent,
1737 1499 1839 1540 licet
1855 1499 2081 1552 depravati

364 1569 407 1610 id
438 1570 596 1610 aetatis
628 1582 774 1610 mores
806 1569 892 1610 iarn
930 1575 1092 1620 essent,
1127 1570 1304 1622 publico
1338 1569 1438 1612 loco
1469 1570 1601 1611 talem
1624 1572 1886 1612 sententiam
1905 1577 2081 1624 poetam

363 1639 573 1693 profiteri,
620 1653 734 1693 quae
780 1641 861 1682 iuri
907 1641 1104 1692 iurando,
1148 1641 1209 1682 rei
1246 1642 1447 1694 publicae
1479 1643 1780 1693 fundamento,
1799 1643 2081 1693 obtrectaret,

364 1724 453 1752 non
486 1713 742 1764 patiendum
774 1718 878 1753 erat.

423 1781 519 1837 [ph.
566 1781 620 1823 A.
671 1793 771 1835 394.
819 1782 1127 1839 Agamemnon
1176 1783 1231 1825 de
1274 1784 1366 1825 iure
1410 1785 1593 1826 iurando
1626 1798 1758 1838 supra
1789 1785 1874 1826 iam
1906 1784 2082 1827 laudato

365 1982 476 2007 wenn
515 1972 585 2008 der
622 1972 886 2008 Schworende
926 1973 988 2008 die
1028 1972 1248 2019 Tragweite
1285 1973 1356 2009 des
1393 1973 1472 2008 ihm
1500 1973 1803 2020 abgeforderten
1828 1974 1948 2010 Eides
1974 1975 2083 2011 nicht

365 2033 469 2074 ahnt,
497 2033 682 2068 wahrend
708 2043 749 2068 er
775 2033 841 2068 ihn
867 2033 996 2079 arglos
1021 2033 1151 2068 leistet
1175 2034 1254 2068 und
1280 2039 1360 2069 erst
1386 2034 1653 2080 nachtraglich
1678 2035 1767 2070 inne
1795 2035 1903 2079 wird,
1934 2034 2027 2071 dass
2041 2046 2084 2071 er

365 2092 443 2126 ihm
467 2103 538 2127 nur
564 2098 677 2127 unter
702 2092 935 2139 Verletzung
962 2093 1215 2139 gewichtiger
1243 2093 1430 2128 Pflichten
1455 2099 1542 2128 treu
1566 2094 1721 2129 bleiben
1746 2094 1883 2130 kann.''

414 2151 446 2197 1)
473 2152 613 2187 Iniuria
642 2152 754 2188 Glotz
781 2163 812 2188 a.
844 2152 932 2187 Dar.
964 2157 1003 2188 et
1032 2152 1131 2199 Sagl.
1160 2164 1195 2198 p.
1225 2155 1319 2196 768:
1347 2153 1489 2198 „C‘est,
1518 2154 1652 2199 inquit,
1678 2158 1788 2189 toute
1815 2165 1888 2189 une
1904 2154 2083 2190 doctrine

366 2222 441 2256 que
481 2211 515 2246 le
553 2212 690 2248 maitre
729 2212 778 2247 de
805 2212 840 2247 la
867 2213 1106 2258 casuistique
1133 2222 1316 2258 grecque,
1342 2212 1540 2258 Euripide,
1568 2218 1647 2248 met
1673 2214 1770 2248 dans
1797 2223 1842 2248 ce
1865 2224 1975 2249 vers:
2003 2213 2084 2260 „La

366 2270 502 2317 langue
530 2282 551 2306 a
573 2273 670 2318 Jure,
698 2273 794 2307 mais
819 2283 897 2307 non
922 2282 993 2318 pas
1021 2272 1203 2318 l'esprit.''
1230 2272 1350 2307 Facio
1378 2282 1466 2307 cum
1493 2272 1670 2319 Nagelsb.
1693 2273 2083 2315 ubi(Nachh.Theol.

366 2343 401 2377 p.
430 2333 536 2374 434):
565 2331 668 2376 „Das
694 2331 818 2375 Wort,
844 2332 1001 2374 indicat,
1029 2333 1079 2367 ist
1105 2342 1152 2367 an
1179 2331 1252 2368 Ort
1278 2332 1356 2367 und
1382 2332 1500 2367 Stelle
1526 2333 1633 2367 nicht
1659 2343 1730 2368 nur
1743 2333 1886 2368 hochst
1899 2334 2083 2379 passend,

366 2391 536 2426 sondern
563 2391 662 2426 auch
689 2391 951 2426 vollkommen
977 2391 1122 2427 sittlich
1150 2417 1299 2426 .....
1306 2391 1325 2404 ”

415 2459 451 2491 2)
477 2450 525 2487 cf.
553 2460 609 2492 ea,
637 2461 736 2496 quae
763 2451 940 2487 Phaedra
965 2462 1021 2486 vs.
1050 2461 1117 2494 317
1145 2451 1264 2486 dicit:
1290 2451 1399 2493 χεῖρες
1423 2451 1482 2492 μὲν
1505 2451 1624 2492 ρὶγναὶ,
1649 2451 1729 2493 φρὴν
1755 2450 1783 2484 δ’
1797 2450 1873 2494 ’ἔχει
1885 2452 2021 2493 μίασμά
2036 2463 2084 2490 τι.

414 2511 449 2553 3)
483 2510 542 2545 De
582 2510 698 2545 variis
733 2511 990 2556 complurium
1028 2511 1263 2556 scriptorum
1302 2511 1506 2546 sententiis
1545 2511 1594 2546 cf.
1632 2511 1990 2547 Valckenaer
2032 2512 2082 2547 ad

367 2569 487 2614 Hipp.
511 2571 591 2604 612.
618 2569 825 2605 Praeterea
851 2570 1124 2616 Augustin
1158 2581 1193 2606 o.
1221 2570 1242 2605 l.
1269 2582 1304 2616 p.
1337 2581 1401 2616 ¹23
1429 2570 1683 2613 Schmidt,
1711 2571 1841 2606 Ethik.
1869 2572 1900 2606 11
1926 2582 1962 2617 p.
1989 2581 2022 2615 9.

414 2632 451 2672 4)
478 2629 526 2664 cf.
553 2629 815 2672 Schmidt,
852 2630 974 2665 Ethik
1001 2630 1032 2664 II
1058 2641 1095 2675 p.
1122 2641 1166 2673 9:
1207 2629 1415 2674 „Ossenbar
1439 2630 1583 2665 hielten
1610 2640 1652 2665 es
1678 2630 1740 2666 die
1767 2631 1942 2666 Athener
1967 2659 1975 2667 .
2003 2658 2011 2666 .
2038 2659 2046 2666 .
2075 2659 2083 2667 .

366 2689 424 2724 fiir
451 2689 807 2724 ausserordentlich
834 2689 1058 2735 gefahrlich,
1086 2700 1197 2724 wenn
1225 2690 1294 2724 der
1323 2689 1524 2731 Gedanke,
1553 2690 1643 2724 dass
1662 2689 1765 2724 Falle
1781 2689 1950 2736 moglich
1962 2690 2083 2732 scien,

365 2748 404 2783 in
430 2749 557 2784 denen
584 2749 645 2783 ein
673 2748 747 2783 Eid
767 2749 875 2784 nicht
900 2760 996 2795 ganz
1022 2749 1236 2795 unbedingt
1262 2749 1377 2784 binde
1407 2775 1410 2779 .
1440 2774 1446 2782 .
1475 2775 1482 2781 .
1511 2774 1518 2781 .
1545 2760 1630 2784 zum
1657 2749 1790 2796 Range
1817 2750 1924 2784 einer
1937 2749 2081 2784 Maxim

367 2808 540 2844 erhoben
568 2808 736 2843 wurde.¹'

414 2867 621 2903 Praeterea
658 2868 686 2913 J.
713 2868 753 2903 B.
781 2867 882 2904 Gre
898 2878 918 2903 e
934 2880 958 2903 n
974 2868 1125 2914 ough.
1158 2868 1241 2903 The
1269 2868 1449 2914 religious
1477 2868 1699 2903 conditions
1727 2868 1771 2904 of
1793 2869 1859 2904 the
1887 2867 2018 2904 Greek
2043 2873 2084 2903 at

367 2927 433 2962 the
459 2927 551 2962 time
578 2927 622 2962 of
644 2929 710 2963 the
737 2938 823 2963 new
849 2928 1404 2974 Comedyfflarvardstudies
1419 2928 1467 2972 X,
1487 2927 1602 2974 1899),
1618 2929 1684 2974 qui
1698 2929 1923 2963 iuramentis
1937 2929 2084 2964 exami-

367 2987 468 3021 natis
506 2987 757 3032 comicorum,
799 2998 1034 3033 quamquam
1067 2987 1204 3023 leviter
1242 2993 1393 3023 tantum
1434 2989 1541 3033 ipsas
1580 2988 1808 3033 questiones
1845 2988 2082 3034 perstringit,

367 3057 403 3090 p.
435 3048 521 3081 180:
559 3046 666 3092 „The
695 3046 858 3089 Greeks,
898 3048 1033 3093 inquit,
1061 3047 1255 3094 generally
1282 3058 1325 3082 as
1353 3048 1446 3093 they
1471 3058 1620 3092 appear
1646 3048 1684 3082 in
1711 3048 1777 3082 the
1805 3047 1972 3094 comedy
1997 3048 2021 3082 i.
2047 3057 2079 3083 e.

365 3106 422 3141 all
443 3109 593 3141 citizens
618 3112 764 3153 except
789 3108 959 3153 perhaps
986 3107 1053 3142 the
1081 3107 1356 3152 philosophers
1382 3106 1458 3142 and
1484 3106 1642 3153 literary
1670 3117 1769 3151 men,
1798 3107 1886 3142 who
1913 3117 1956 3142 as
1981 3106 2082 3141 inall

369 3175 461 3210 ages
502 3175 604 3200 were
630 3166 788 3212 sharply
813 3166 1099 3213 distinguished
1125 3166 1224 3202 from
1250 3166 1316 3201 the
1344 3166 1580 3212 bourgoisie,
1605 3166 1760 3202 believed
1782 3168 1822 3201 in
1846 3166 1904 3202 tlte
1927 3167 2084 3211 sanctu>-

367 3225 413 3268 ο]
436 3235 487 3259 an
511 3223 629 3261 oatlt.''
