2326 3718
1071 316 1148 357 103

247 439 479 491 positionis
504 437 573 479 ἐπί
600 439 919 495 significatione
949 439 1282 480 dissensuerunt
1304 436 1336 492 ¹)
1369 452 1450 480 nec
1483 439 1641 480 mirum
1671 438 1768 487 hoc,
1802 439 1966 492 quippe

250 522 363 563 quae
394 509 612 563 plerisque
645 511 687 551 in
719 510 942 552 vocabulis
973 509 1093 551 velut
1123 507 1325 559 ἐπίνομος,
1343 507 1538 559 ἐπίτιμος,
1556 507 1761 560 ἐπίχαρις,
1777 507 1965 556 ἐπίσιτος,

249 578 450 627 grimm,
496 578 698 628 ἐπίπονος,
744 581 838 622 aliis
878 594 967 622 non
1010 581 1175 623 indicet
1217 595 1331 633 eum,
1365 583 1440 634 qui
1473 587 1626 623 contra
1657 581 1818 634 aliquid
1849 587 1963 636 agat,

250 653 329 694 sed
375 665 490 703 eum,
536 654 610 705 qui
657 652 785 694 alicui
831 653 894 694 rei
939 654 1234 706 obtemperet,
1278 653 1468 706 quadam
1514 666 1559 695 re
1601 653 1658 694 sit
1690 659 1884 694 ornatus.
1918 653 1964 694 In

248 721 425 774 ἐπίορκος
470 730 618 766 tamen
659 724 919 779 significatio
951 731 1019 766 est
1051 737 1231 778 prorsus
1263 725 1502 767 contraria:
1537 725 1588 775 is,
1620 725 1695 777 qui
1726 725 1793 766 ius
1824 725 1961 766 iuran-

249 794 355 837 dum
388 795 534 837 violat.

308 866 493 907 Etiamsi
540 880 639 908 cum
686 866 832 909 Hirzel
877 863 984 918 ὅρκον
1021 865 1186 913 ὀμνύναι
1227 867 1473 922 significare
1505 868 1822 909 contendente:
1861 880 1964 920 „per

247 934 404 988 Ὅρκον,
436 938 568 980 deum
600 938 818 980 infernum
849 938 1046 990 Hesiodi,
1081 940 1265 991 iurare’'‚
1296 945 1344 980 ut
1365 939 1588 992 copiosius
1605 945 1707 980 ante
1725 939 1784 992 (p.
1802 941 1963 993 9sqq.)

247 1010 448 1062 exposui,
480 1022 568 1051 non
601 1011 889 1060 consentiam,
923 1010 1149 1051 meliorem
1182 1011 1589 1064 interpretationem
1623 1011 1964 1064 praepositionis

247 1078 326 1127 ἐπί,
359 1093 491 1133 quam
521 1082 751 1134 proposuit
783 1081 865 1128 ille,
899 1095 989 1123 non
1022 1082 1180 1123 inveni.
1214 1081 1367 1123 Altera
1399 1082 1530 1135 enim,
1562 1094 1649 1135 qua
1665 1079 1735 1122 ε’πί
1754 1084 1962 1137 „contra”

247 1151 492 1207 significare
521 1152 679 1194 dicitur
710 1152 828 1195 nullo
846 1154 937 1195 fere
955 1153 1163 1206 exemplo
1179 1153 1408 1195 stabilitur.
1442 1152 1654 1195 Attamen
1671 1166 1761 1195 non
1776 1154 1963 1195 arbitror

248 1221 392 1274 Ὅρκος
439 1223 481 1264 in
529 1224 609 1265 hac
657 1237 765 1266 voce
807 1238 906 1266 esse
938 1225 1070 1267 deum
1104 1225 1321 1266 infernum
1355 1224 1511 1275 solum,
1545 1225 1647 1267 sed:
1682 1238 1783 1266 eum
1814 1225 1961 1276 deum,

248 1296 317 1336 cui
363 1295 429 1336 ius
471 1295 700 1337 iurandum
743 1296 800 1337 sit
841 1309 986 1348 curae,
1029 1298 1133 1338 iuris
1165 1297 1334 1339 iurandi
1366 1297 1600 1348 vindicem,
1634 1297 1700 1338 ius
1732 1297 1961 1339 iurandum

247 1367 371 1421 quasi
403 1366 560 1420 ipsum,
594 1374 802 1420 tanquam
833 1368 966 1410 deum
998 1369 1225 1410 inductum
1251 1366 1299 1424 2).

308 1439 433 1482 Licet
466 1440 596 1495 igitur
628 1439 917 1481 incertissima
950 1441 1006 1481 sit
1038 1441 1160 1482 vocis
1193 1439 1474 1495 etymologia,
1498 1439 1675 1482 minime
1690 1446 1839 1482 tamen
1857 1440 1961 1493 quid

246 1511 476 1567 significet,
524 1511 705 1552 dubium
739 1516 830 1552 est.
880 1508 1061 1561 ἐπίορκος
1104 1518 1186 1558 est.
1228 1512 1303 1564 qui
1345 1513 1411 1553 ius
1443 1511 1672 1553 iurandum
1705 1510 1839 1553 violat
1870 1512 1962 1553 sive

246 1583 511 1636 promissum
545 1583 636 1624 iure
669 1582 852 1624 iurando
885 1583 1191 1624 confirmatum
1222 1596 1311 1624 non
1336 1582 1584 1633 exsolvens,
1603 1584 1695 1624 sive
1713 1583 1832 1635 quod
1850 1582 1961 1624 falso

246 1654 338 1696 iure
372 1654 554 1696 iurando
584 1653 802 1695 affirmare
833 1654 995 1708 aliquid
1026 1668 1158 1696 ausus
1191 1662 1258 1696 est
1272 1651 1323 1710 ⁸).

307 1725 395 1767 Iam
426 1725 726 1778 superioribus
758 1726 976 1779 capitibus
1009 1726 1205 1782 gravium
1238 1739 1494 1779 poenarum,
1529 1737 1642 1778 quae
1674 1726 1849 1780 periuro
1866 1727 1961 1768 viro

246 1797 489 1846 imminent,
538 1796 768 1839 nonnullas
815 1798 1006 1839 breviter
1054 1798 1510 1843 commemoravimus,
1573 1797 1732 1853 Magna
1780 1798 1960 1851 quidem

246 1869 439 1922 praemia
485 1869 734 1912 hominibus
777 1870 974 1912 honestis
1016 1881 1194 1922 quoque
1226 1870 1390 1922 quique
1423 1869 1557 1911 fidem
1590 1875 1767 1911 servant
1799 1883 1960 1924 propo-

246 1946 420 1990 nuntur,
463 1954 607 1994 poena
647 1948 796 1983 tamen
828 1942 966 1983 multo
999 1941 1136 1997 magis
1168 1947 1416 1983 ostentatur
1447 1953 1592 1994 neque
1623 1942 1959 1983 admirationem

245 2012 289 2054 id
322 2019 483 2054 movet.
518 2012 656 2054 Recte
688 2014 805 2055 enim
837 2012 1113 2068 Nagelsbach
1129 2010 1187 2065 ⁴):
1223 2012 1340 2068 „Der
1370 2012 1667 2055 menschliche
1699 2012 1958 2065 Gedanken,

298 2157 330 2196 ι)
367 2153 416 2189 cf.
454 2154 556 2190 Eus
572 2155 637 2190 th.
676 2154 838 2198 (Stallb.)
876 2155 925 2190 ad
952 2155 990 2190 ΙΙ.
1017 2155 1065 2199 Χ,
1093 2165 1173 2199 333,
1199 2155 1265 2201 qui
1292 2155 1410 2191 docet
1435 2155 1494 2187 ἐπί
1515 2156 1552 2192 in
1578 2156 1713 2197 ἐπίορκος
1736 2156 1958 2202 significare

243 2214 335 2246 κατὰ
374 2218 413 2249 et
450 2213 619 2254 imapum:
651 2215 692 2247 τὸ
717 2216 805 2247 κατὰ
832 2213 917 2255 ὅρκον
940 2217 1095 2257 γενέσθαι
1121 2219 1164 2257 τῷ
1190 2213 1302 2255 ψευδεῖ
1325 2214 1383 2247 καὶ
1409 2215 1454 2257 μὴ
1482 2215 1555 2248 κατ’
1581 2214 1740 2253 ἀλήθειαν
1764 2215 1960 2250 οἰκειοῦσθαι

244 2271 347 2315 alm-5.

293 2332 412 2375 Etym-
453 2333 635 2379 Magnum
672 2345 702 2370 s.
729 2345 764 2369 v.
801 2334 940 2376 ἐπίορκος
979 2335 1096 2370 habet
1136 2335 1258 2369 haec:
1296 2333 1315 2371 ἡ
1350 2334 1425 2366 ἐπὶ
1460 2336 1607 2375 πρόθεσις
1635 2335 1778 2369 ἐνταῦθα
1802 2335 1876 2369 ἀντὶ
1898 2339 1959 2375 τῆς

244 2390 357 2433 ὑπὲρ
381 2394 500 2426 κεῖται.
525 2396 578 2426 καὶ
605 2392 700 2431 δηλοῖ
724 2395 760 2427 τὸ
785 2392 862 2435 ὑπὲρ
888 2397 947 2426 τῶν
974 2394 1068 2435 ὅρκων
1092 2396 1245 2435 γενέσθαι
1272 2394 1328 2426 καὶ
1348 2392 1552 2435 ὑπερβαίνειν
1576 2393 1708 2432 αὐτούς.

293 2456 329 2495 2)
366 2451 488 2488 Recte
527 2452 617 2489 Ste
635 2453 768 2500 ngel.
807 2453 1038 2490 Kultusalth.
1066 2454 1183 2494 (lwan
1211 2453 1355 2495 Miiller,
1384 2454 1535 2490 Handb.
1563 2454 1608 2499 V,
1636 2466 1671 2501 p.
1701 2457 1758 2499 78)
1784 2457 1958 2493 ostendit

243 2510 330 2553 ὅρκον
355 2512 456 2547 inter
481 2511 575 2547 alias
601 2512 923 2558 significationem
950 2513 1117 2548 habere:
1145 2513 1220 2548 den
1247 2513 1343 2549 uber
1369 2513 1445 2548 den
1471 2513 1596 2549 Eiden
1625 2514 1863 2550 wachenden
1878 2516 1957 2552 und

243 2571 306 2607 die
333 2570 526 2607 Meineide
553 2571 775 2607 rachenden
802 2571 898 2608 Gott
925 2571 973 2608 cf.
1002 2572 1035 2606 H
1052 2583 1072 2607 e
1088 2583 1118 2608 s.
1144 2572 1291 2620 Theog.
1318 2584 1400 2616 400,
1426 2577 1517 2618 785;
1545 2573 1648 2609 Bab
1664 2585 1690 2608 r.
1719 2574 1811 2612 Fab.
1830 2574 1873 2617 L,
1894 2577 1958 2620 =8;

243 2629 384 2666 Pind.
411 2630 518 2666 Nem.
547 2630 611 2675 XI,
639 2641 707 2674 31;
734 2630 842 2678 Pyth.
869 2631 930 2674 lv,
962 2633 1036 2668 166.
1063 2631 1111 2667 cf.
1139 2632 1175 2669 h.
1202 2643 1236 2668 o.
1263 2645 1301 2680 p.
1328 2635 1359 2669 8.

292 2689 350 2725 De
375 2689 517 2726 talibus
543 2691 767 2727 notionibus
795 2701 985 2736 personae
1013 2702 1112 2738 quae
1140 2693 1354 2728 extiterunt
1381 2692 1429 2728 cf.
1458 2693 1602 2739 Grup
1618 2704 1643 2740 p
1659 2704 1680 2729 e
1707 2694 1776 2730 ο.1.
1801 2705 1837 2740 p.
1857 2697 1957 2731 1068.

291 2749 327 2795 3)
366 2749 502 2785 Mirum
543 2755 613 2792 est,
652 2751 758 2796 quod
798 2750 886 2798 Lys.
928 2750 978 2794 X,
1020 2761 1059 2795 ¹7
1086 2752 1239 2796 dicitur,
1267 2753 1331 2787 ubi
1358 2753 1442 2798 ipse
1468 2758 1602 2789 orator
1627 2753 1779 2795 ἐπιορκεῖν
1805 2754 1842 2789 in
1870 2753 1954 2800 lege

244 2807 396 2844 Solonis
422 2810 699 2855 interpretatur
723 2821 814 2856 per:
841 2809 1054 2851 ὀμνύναι.
1081 2811 1197 2858 Quod
1224 2812 1345 2847 sciam
1371 2812 1474 2847 nullo
1500 2812 1575 2848 alio
1601 2812 1688 2849 loco
1709 2812 1956 2860 significatio-

243 2877 332 2903 nem
366 2868 466 2904 hanc
491 2868 619 2905 habet.
661 2869 844 2906 Fortasse
873 2870 1057 2906 indicium
1084 2876 1143 2906 est
1170 2872 1383 2918 antiquitus
1408 2872 1560 2912 ἐπιορκεῖν
1585 2871 1825 2919 significasse
1852 2873 1955 2909 idem

243 2927 350 2973 quod
388 2927 477 2974 Pap.
515 2928 766 2976 Oxyrhynch.
805 2929 866 2975 VI,
906 2941 940 2976 p.
970 2941 1040 2973 320
1078 2931 1294 2966 invenitur:
1331 2928 1447 2973 ’ένοχον
1472 2934 1519 2973 τῷ
1543 2930 1621 2973 ὅρκῳ
1646 2941 1688 2967 se
1716 2931 1858 2977 facere,
1884 2933 1955 2968 iuri

243 2986 407 3022 iurando
433 2997 475 3023 se
502 2987 693 3024 subicere.

291 3045 442 3085 Postea,
467 3047 532 3082 ubi
558 3046 607 3082 de
634 3048 716 3083 iure
745 3048 907 3085 iurando
933 3060 1009 3086 non
1035 3054 1192 3085 servato
1219 3060 1349 3085 sermo
1375 3055 1447 3092 est,
1473 3050 1630 3096 saepius
1644 3050 1833 3087 vocabula
1847 3062 1956 3087 usur-

243 3109 382 3151 pantur
418 3106 574 3147 παρορκία
612 3111 652 3142 et
687 3109 862 3149 παρορκεΐν.
902 3108 965 3151 (cf.
1004 3108 1132 3144 Hirzel
1171 3119 1205 3144 o.
1234 3109 1254 3145 Ι.
1285 3120 1321 3155 p.
1345 3112 1401 3153 78,
1429 3112 1477 3153 3),
1515 3119 1615 3156 quae
1652 3110 1756 3157 apud
1782 3111 1955 3158 tragicos

243 3169 382 3211 poetas
404 3164 574 3201 nondum
601 3164 788 3212 leguntur.

290 3226 328 3267 ⁴)
354 3223 500 3260 Nachh.
526 3223 660 3262 ΤὴεοΙ.
687 3236 723 3272 p.
750 3236 829 3271 3¹⁷·
