2392 3750
1189 320 1245 373 78

359 457 459 498 ideo
493 455 711 498 exclamat
746 453 1026 504 Philoctetes,
1060 448 1083 500 ἦ
1114 454 1248 499 κεῖνος,
1281 450 1303 499 ἡ
1336 451 1455 492 πᾶσαι
1486 448 1650 501 βλάβη,
1685 450 1752 501 ἔμ’
1785 448 1840 497 εἷς
1870 447 2074 503 Ἀχαίους

360 526 511 577 ὤμοσεν
553 526 700 572 πείσας
742 528 924 577 στελεῖνς
971 521 1248 574 πεισθήσομαι
1294 522 1377 574 γὰρ
1412 519 1484 564 ὧδε
1516 520 1598 573 κάξ
1630 522 1776 564 ’Ἃιδου
1808 519 1944 563 θανὼν
1978 521 2075 573 πρὸς

360 600 450 651 φῶς
482 595 682 639 ἀνελθεῖν.

417 670 630 711 Exsulem
677 670 822 723 magni
867 668 1099 709 aestimare
1148 668 1215 709 ius
1248 668 1479 709 iurandum
1512 666 1708 720 pluribus
1740 666 1846 707 locis
1878 671 2073 719 apparet,

358 743 520 796 quippe
563 742 637 795 qui
670 740 910 782 identidem
944 741 1236 781 iuramentum
1270 745 1604 789 commemoret,
1636 739 1756 792 quod
1789 738 1894 779 dicit
1927 737 2075 791 Neop-

357 814 506 855 tolemi
526 813 573 867 ¹),
606 825 874 867 quamquam
907 812 1050 864 ipsum
1082 811 1149 852 ius
1181 812 1411 852 iurandum
1443 823 1532 852 non
1565 810 1746 851 dederat
1779 809 1849 850 hic
1866 806 1916 863 ²).

418 885 515 938 Ipse
547 884 657 926 filius
689 897 866 938 quoque
898 882 1080 924 Achillis
1112 883 1258 924 verbis
1290 882 1379 924 suis
1411 881 1576 923 indicat
1608 894 1656 922 se
1688 893 1891 935 magnam
1913 881 2075 922 ducere

357 955 462 999 iuris
509 957 677 998 iurandi
725 955 1050 998 auctoritatem.
1098 954 1178 995 Vs.
1217 955 1342 1005 1289,
1376 954 1451 995 ubi
1487 952 1755 994 Philoctetes
1788 951 1968 994 credere
2001 951 2075 992 vix

357 1034 504 1081 potest
536 1040 685 1068 arcum
718 1027 800 1068 sibi
832 1026 957 1067 reddi
989 1026 1284 1079 dubitansque
1318 1030 1465 1080 rogat:
1500 1024 1583 1069 πῶς
1610 1018 1754 1076 εἷποιςς
1786 1018 1867 1073 ἄρα
1899 1020 2076 1073 δεύτερον

356 1096 616 1149 δολούμεθαι;
650 1095 844 1147 ἀπώμοσ’
879 1098 1133 1150 respondet,
1168 1095 1292 1146 ἁγνοῦ
1328 1095 1445 1144 Ζηνὸς
1465 1097 1633 1147 ὕψιστον
1648 1093 1778 1144 σέβας
1795 1095 2076 1148 maximaque

357 1173 416 1213 ita
462 1171 757 1212 affirmatione
804 1169 946 1211 exsuli
993 1169 1260 1222 persuadere
1307 1174 1502 1226 conatur.
1554 1162 1580 1208 ὦ
1627 1165 1809 1220 φίλτατ’
1854 1163 1974 1207 εἰπών
2006 1165 2075 1207 hic

357 1243 589 1295 exclamat,
640 1242 742 1284 licet
789 1242 922 1283 etiarn
970 1247 1075 1282 tunc
1123 1241 1250 1281 nimis
1299 1241 1407 1281 mira
1449 1253 1519 1281 res
1547 1240 1587 1281 ei
1618 1240 1831 1292 videatur,
1864 1251 1997 1292 quam
2027 1242 2077 1279 ut

356 1315 489 1357 fidem
521 1314 802 1368 Neoptolemi
835 1313 993 1363 verbis,
1026 1311 1094 1353 vel
1128 1312 1375 1354 iuramento
1409 1311 1690 1362 confirmatis,
1708 1311 1881 1352 habeat.
1900 1309 2076 1351 Etenim

356 1388 504 1429 addit:
536 1384 569 1426 εἰ
602 1384 738 1435 λέγεις
770 1383 970 1436 ἐτήτυμα,
1004 1397 1135 1438 quam
1170 1383 1491 1424 dubitationem
1523 1382 1636 1424 filius
1669 1381 1850 1423 Achillis
1883 1380 2076 1422 animad-

357 1465 556 1500 vertens:
599 1458 776 1508 τοῦργον,
811 1457 965 1510 inquit,
1008 1453 1210 1506 παρέσται
1244 1451 1431 1506 Φαινερόν·
1465 1451 1583 1495 ἀλλὰ
1603 1487 1610 1495 .
1634 1487 1640 1495 .
1663 1485 1671 1494 .
1694 1490 1697 1494 ,
1719 1450 1856 1504 κράτεν
1889 1453 1967 1493 τῶν
2000 1452 2075 1493 σῶν

357 1527 489 1572 ὅπλων
522 1543 657 1584 reque
690 1530 782 1584 ipsa
812 1528 928 1569 hunc
961 1528 1004 1568 in
1038 1527 1220 1568 modum
1253 1528 1320 1568 ius
1354 1527 1584 1568 iurandum
1617 1525 1819 1567 exsolvit.

416 1602 562 1644 Iurato
609 1600 906 1654 Neoptolemo
954 1613 1023 1641 res
1068 1605 1256 1650 constat,
1303 1612 1384 1640 nec
1418 1611 1574 1652 preces
1606 1611 1688 1639 nec
1722 1597 1903 1651 imperia
1934 1595 2076 1639 Ulixis

358 1687 458 1716 eum
492 1679 672 1714 movent
690 1671 750 1726 ³):
784 1685 934 1713 arcum
969 1671 1126 1712 reddit.

425 1744 495 1786 Vs.
545 1755 668 1797 1324.
713 1742 1033 1796 Neoptolemus
1074 1744 1234 1784 iterum
1277 1745 1386 1789 Ζῆνα
1417 1738 1538 1792 ὅρκιον
1571 1747 1732 1783 testem
1765 1741 1953 1791 invocat,
1986 1753 2076 1794 quo

356 1819 602 1860 iuramento
619 1822 766 1869 sperat
785 1815 913 1857 citius
931 1828 979 1856 se
992 1815 1219 1856 Philocteti
1231 1826 1559 1867 persuasurum,
1572 1825 1839 1867 quamquam
1853 1813 2013 1853 frustra
2026 1807 2074 1865 ¹¹),

356 1891 461 1945 quin
493 1889 563 1930 hic
597 1894 750 1930 contra
782 1887 821 1927 ei
853 1887 1103 1940 persuadet,
1138 1892 1186 1928 ut
1218 1887 1485 1939 promissum
1516 1892 1618 1926 ante
1647 1885 1798 1926 datum
1816 1890 2075 1939 exequatur.

355 1961 534 2003 Herculi
566 1959 647 2001 soli
678 1973 766 2000 non
799 1959 977 2011 resistit,
1009 1958 1136 1999 huius
1168 1957 1352 2011 imperio
1385 1956 1658 2010 obsequitur.

418 2031 719 2075 Consideratis
765 2031 887 2072 hisce
931 2029 1187 2071 iuramentis
1230 2029 1348 2082 apud
1392 2027 1660 2081 Sophoclem
1703 2040 1816 2082 quae
1858 2027 2074 2082 leguntur,

355 2105 557 2159 apparuit
599 2116 802 2158 magnam
845 2102 1025 2155 quidem
1067 2101 1184 2154 apud
1227 2114 1328 2142 eum
1361 2113 1539 2154 quoque
1571 2100 1658 2140 vim
1691 2105 1735 2140 et
1766 2098 2075 2140 auctoritatem

356 2177 437 2219 iuri
469 2176 652 2217 iurando
684 2174 828 2221 tribui,
862 2173 1060 2214 imminui
1091 2179 1240 2214 tamen
1273 2173 1366 2214 eius
1399 2172 1658 2227 gravitatem
1691 2184 1853 2225 negare
1869 2182 1958 2211 non
1974 2183 2076 2223 pos·

356 2262 520 2290 sumus.
569 2246 702 2300 Apud
750 2244 1019 2298 Aeschylum
1062 2257 1286 2298 nunquam
1330 2244 1495 2285 iuratur
1534 2242 1629 2293 nisi,
1672 2243 1745 2284 ubi
1780 2255 1962 2283 necesse
1993 2247 2076 2291 est,

360 2320 480 2374 quod
522 2319 578 2360 de
622 2319 820 2359 versibus
862 2315 1124 2369 Sophocleis
1167 2316 1242 2357 vix
1290 2315 1391 2356 licet
1435 2315 1534 2356 dici.
1576 2314 1721 2356 Minus
1763 2327 1895 2369 grave
1926 2313 2077 2354 haberi

357 2405 416 2433 ex
462 2391 629 2432 maiore
676 2389 808 2430 etiam
852 2402 933 2430 usu
976 2388 1060 2429 levi
1091 2401 1238 2440 saepe,
1271 2387 1337 2429 ius
1369 2387 1600 2428 iurandum
1632 2385 1898 2441 intellegitur
1912 2383 1962 2439 ⁵).
1994 2386 2076 2426 At-

409 2545 440 2590 1)
466 2545 516 2582 cf.
543 2555 578 2580 o.
605 2544 627 2581 l.
654 2554 734 2587 941,
768 2545 870 2586 1367.

404 2608 440 2643 2)
465 2605 531 2641 Vs.
570 2607 639 2647 809
675 2602 913 2638 Philoctetes
951 2602 1099 2636 oravit:
1140 2599 1218 2632 ἀλλ’
1256 2596 1406 2639 ἀντιάζω
1445 2597 1491 2640 μή
1523 2611 1564 2640 με
1588 2598 1782 2641 καταλίπῃς
1805 2600 1910 2639 μόνον,
1935 2592 2076 2645 quibus

356 2665 634 2711 Neoptolemus
670 2667 821 2698 tantum
860 2661 1031 2697 rettulit:
1057 2660 1173 2701 θάρσει
1199 2662 1366 2701 μενοῦμεν.
1393 2659 1515 2694 Exsul
1543 2659 1620 2694 hoc
1648 2659 1842 2704 promisso
1868 2665 2076 2695 contentus

356 2725 515 2771 quidem
543 2730 626 2765 est;
652 2722 686 2756 οὐ
712 2722 776 2763 μὴν
804 2723 905 2757 enim
931 2721 1068 2767 inquit,
1095 2718 1260 2761 σ”ένορκον
1286 2725 1323 2761 γ’
1337 2718 1417 2759 ἀξιῶ
1441 2718 1574 2758 θέσθαι,
1600 2717 1722 2757 τέκνον,
1743 2719 1814 2754 sed
1829 2718 2075 2754 nihilominus

356 2790 492 2831 rogat:
529 2781 683 2825 ’ἔμβαλλε
718 2783 824 2824 χειρὸς
862 2781 988 2821 πίστιν,
1026 2781 1066 2816 id
1107 2780 1213 2826 quod
1252 2779 1534 2825 Neoptolemus
1561 2779 1730 2814 faciens:
1756 2778 1928 2820 ἐμβάλω,
1955 2778 2075 2814 refert

354 2845 472 2886 μενεῖν.
523 2843 610 2878 Hoc
648 2842 823 2877 eiusdem
861 2841 977 2886 pretii
1016 2851 1038 2875 a
1076 2839 1296 2874 Philoctete
1337 2839 1474 2874 haberi
1513 2843 1630 2884 atque
1657 2848 1789 2873 verum
1816 2838 2073 2873 iuramentum

358 2904 477 2939 verba
502 2903 615 2938 huius
642 2902 737 2937 satis
767 2901 951 2936 indicant.

405 2964 441 3006 3)
468 2963 516 2998 cf.
543 2962 634 2996 Phil.
668 2971 754 3004 ¹293
782 2971 867 3006 sqq.
1136 3001 1143 3008 ·

405 3022 440 3069 4)
468 3022 516 3059 cf.
543 3033 576 3057 o.
606 3021 627 3058 l.
662 3024 770 3064 1367:
795 3020 841 3061 μῆ
867 3019 954 3058 δῆτα
979 3018 1112 3063 τέκνον;
1144 3029 1255 3062 ι393;
1287 3021 1386 3061 ¹408-

405 3085 437 3127 5)
466 3083 625 3127 Magnus
652 3091 809 3127 quoque
837 3079 1036 3119 formulae,
1064 3089 1164 3125 quae
1198 3083 1259 3114 est
1284 3079 1359 3119 πρὸς
1383 3080 1474 3119 θεῶν,
1501 3088 1593 3112 usus
1608 3076 1782 3112 eiusdem
1798 3075 2073 3111 deminutionis

356 3148 417 3178 est
442 3142 638 3178 indicium.
664 3141 720 3175 Ne
747 3150 883 3175 omnes
911 3139 1082 3183 afferam,
1109 3140 1147 3173 in
1174 3138 1294 3173 Aiace
1323 3141 1378 3181 76,
1407 3147 1486 3181 371,
1510 3147 1589 3182 593,
1611 3139 1708 3177 1028,
1729 3147 1836 3179 :3323
1865 3137 1903 3170 in
1918 3135 2075 3170 Electra

357 3204 436 3245 369,
477 3203 556 3242 428,
595 3203 676 3244 469,
714 3202 794 3243 889,
834 3210 933 3243 1119,
965 3201 1068 3242 1206,
1098 3201 1199 3243 1346,
1232 3201 1342 3241 1483;
1375 3198 1413 3232 in
1438 3197 1524 3242 ipsa
1550 3196 1787 3231 Philoctetes
1813 3205 1913 3241 quae
1939 3194 2074 3230 inscri-

355 3261 458 3297 bitur
483 3259 708 3306 tragoedia:
736 3270 816 3303 433,
843 3268 923 3302 747,
951 3268 1034 3302 770,
1060 3268 1140 3302 933,
1167 3260 1248 3301 967,
1279 3259 1380 3302 1163,
1413 3258 1513 3301 1185,
1546 3265 1645 3301 1235,
1675 3266 1775 3299 1300,
1806 3265 1905 3298 1301.
