2392 3750
1115 345 1170 390 45

346 474 401 516 D.
440 473 672 515 Postremo
722 472 808 513 iam
851 484 984 513 causa
1014 475 1082 511 est
1112 468 1207 519 alia,
1241 481 1355 522 quae
1402 466 1590 520 probare
1622 470 1757 517 vetet,
1806 464 1850 506 id
1882 463 2004 518 quod

288 544 508 587 Hirzel
555 545 611 586 de
657 544 742 585 hoc
786 543 888 584 iuris
937 542 1106 583 iurandi
1150 539 1440 581 fundamento
1471 537 1739 590 disputavit:
1772 535 1818 578 Si
1853 548 2004 576 verum

287 617 358 666 sit,
401 616 521 670 quod
567 613 764 656 Hirzel
810 615 871 655 ait
911 627 954 666 p.
1006 623 1054 653 21
1083 625 1090 652 :
1143 610 1215 663 „In
1247 612 1414 651 andern
1446 608 1596 650 Fiillen
1631 608 1688 649 ist
1719 621 1766 648 es
1800 605 2004 662 lediglich

287 687 358 729 die
405 684 536 737 αἰδώς,
585 684 657 727 die
701 684 840 728 Scheu
882 682 986 725 oder
1024 681 1199 733 Scham‚
1244 683 1287 722 in
1320 681 1562 723 wirklicher
1611 679 1719 721 oder
1766 678 2007 734 gedachter

288 756 553 813 Gegenwart
602 771 686 798 von
734 763 868 797 etwas
915 754 1247 809 Ehrwiirdigem
1296 754 1393 794 eine
1441 750 1724 794 Unwahrheit
1771 764 1822 791 zu
1856 763 2005 805 sagen,

288 830 458 871 worauf
500 830 571 870 die
621 828 842 870 bindende
886 826 1016 868 Kraft
1063 827 1142 867 des
1174 824 1379 866 Schwurs
1411 823 1614 874 beruht’'‚
1665 822 1728 862 vis
1774 821 2007 862 iuramenti

289 902 502 942 niteretur
565 900 660 941 solo
707 899 889 940 arbitrio
937 898 1045 950 eius,
1093 897 1170 950 qui
1216 896 1436 946 iuraverit,
1485 907 1632 948 neque
1693 891 1810 934 aliud
1873 892 2006 934 habet

288 972 638 1021 fundamentum,
682 983 813 1024 quarn
846 970 1028 1010 huiusce
1060 968 1140 1009 viri
1171 967 1319 1009 fidem.
1353 965 1472 1018 Quid
1502 971 1650 1007 autem
1683 965 1743 1005 ita
1773 964 2007 1005 interesset

289 1044 402 1085 inter
450 1045 515 1085 ius
562 1043 794 1084 iurandum
842 1047 974 1095 atque
1022 1041 1287 1093 promissum
1330 1045 1405 1080 aut
1439 1050 1605 1079 meram
1637 1034 2008 1077 affirmationem?

287 1114 359 1156 Ab
403 1114 523 1155 hisce
572 1114 762 1155 discerni
810 1111 928 1154 nullo
972 1111 1106 1153 modo
1143 1117 1296 1163 posset
1329 1110 1410 1152 nisi
1446 1107 1660 1150 formulae
1692 1107 1882 1161 quadam
1920 1107 2006 1148 dis-

287 1186 512 1239 crepantia
561 1186 762 1235 fortasse‚
797 1197 896 1225 cum
944 1184 994 1224 iis
1041 1183 1258 1236 penderet
1305 1196 1363 1223 ex
1402 1179 1501 1238 fide
1536 1178 1749 1220 humana.
1813 1178 2008 1220 Maxima

287 1257 358 1299 illa
403 1258 656 1307 auctoritas,
708 1269 840 1310 quam
895 1255 1091 1296 omnium
1135 1267 1355 1295 consensu
1403 1253 1505 1294 inde
1557 1253 1612 1293 ab
1659 1250 1851 1304 antiquis
1897 1256 2008 1291 tem-

289 1330 468 1382 poribus
516 1341 656 1382 usque
704 1328 759 1369 ad
803 1332 1002 1368 nostram
1045 1332 1237 1368 aetatem
1280 1325 1434 1375 tenuit,
1466 1324 1668 1375 deesset3
1701 1334 1791 1364 non
1821 1321 2008 1374 amplius

291 1402 490 1442 ultimum
525 1406 643 1441 esset
675 1399 926 1454 perfugium
959 1398 1167 1439 veritatis.
1202 1397 1290 1438 Fac
1323 1397 1367 1438 id
1398 1409 1550 1438 verum
1583 1407 1696 1446 esse,
1729 1401 1834 1436 tunc
1853 1406 2008 1450 rogare

287 1473 416 1515 licet:
467 1472 556 1515 Cur
602 1471 807 1513 omnibus
854 1471 1130 1523 temporibus
1181 1469 1293 1511 tanti
1339 1469 1406 1510 ius
1453 1467 1683 1509 iurandum
1731 1464 2007 1508 ducebatur?

287 1545 388 1600 Qua
418 1546 473 1586 de
507 1559 552 1585 re
584 1550 734 1585 tantae
765 1556 936 1596 poenae
970 1542 1152 1583 deorum
1185 1541 1278 1582 viro
1326 1541 1500 1593 periuro
1534 1538 1761 1580 imminere
1793 1537 2007 1590 putaban-

287 1618 391 1660 tur?
457 1615 558 1670 Quo
604 1617 739 1657 modo
802 1615 940 1656 Isoe
964 1620 1142 1655 rates
1204 1613 1351 1654 dicere
1408 1611 1552 1664 potuit
1606 1609 1845 1663 periurium
1909 1621 2007 1649 esse

287 1686 482 1739 ἀσεβείαιν
502 1688 532 1741 ¹)
573 1701 717 1742 neque
750 1684 796 1727 τό
831 1683 1009 1735 εὐσεβεῖν
1042 1684 1184 1726 solum
1218 1697 1317 1725 esse
1347 1679 1472 1729 θύειν,
1505 1682 1806 1723 verumetiam
1825 1678 2007 1730 ἐμμένειν

288 1763 370 1807 τοῖς
416 1757 571 1810 ὅρκοιςῗ
618 1758 706 1801 Cur
747 1759 865 1811 apud
905 1757 1207 1798 Platonem
1250 1757 1313 1796 vir
1346 1750 1447 1800 ὅσιος
1480 1750 1547 1794 καὶ
1581 1750 1737 1804 εὔορκος
1769 1753 2009 1806 opponitur

288 1830 459 1877 ἀνοσίοις
490 1829 557 1872 καὶ
590 1828 738 1876 ἀδίκοις
755 1826 820 1882 2)‘3
852 1828 939 1871 Cur
971 1828 1087 1869 idem
1121 1827 1206 1868 hoc
1239 1827 1294 1868 de
1326 1826 1546 1879 promisso
1578 1831 1653 1866 aut
1679 1825 1800 1866 omni
1817 1823 2007 1864 affirma-

289 2015 377 2051 loeo
414 2015 463 2050 de
501 2015 588 2060 ipso
626 2015 707 2049 iure
746 2012 910 2048 iurando
947 2022 1168 2047 sermonem
1207 2021 1284 2046 non
1323 2020 1423 2055 esse,
1461 2009 1533 2044 sed
1570 2009 1620 2044 de
1659 2008 1886 2051 mendacio;
1914 2008 2007 2054 quin

289 2075 385 2121 ipsis
410 2075 541 2110 verbis
568 2074 867 2111 discernuntur:
903 2071 933 2108 ὅς
959 2070 998 2103 ἄν
1023 2070 1127 2112 ὅρκους
1152 2071 1246 2112 ὀμνὺς
1270 2067 1397 2109 ψευδεῖς
1424 2069 1507 2115 (qui
1532 2079 1617 2104 eam
1645 2069 1696 2103 ob
1725 2078 1883 2103 causam
1909 2066 2008 2109 μηδέν

288 2131 445 2178 φροντίζῃ
481 2133 576 2179 θεῶν)
616 2139 655 2169 et
691 2133 826 2164 ἑνάντιον
860 2135 919 2164 τῶν
944 2132 1128 2172 κρειττόνων
1152 2128 1256 2162 αὑτοῦ
1281 2127 1456 2169 ψεύδηται.
1482 2129 1703 2172 (Praeterea
1729 2128 1812 2163 iure
1839 2127 2006 2162 dubitari

290 2200 433 2241 potest,
468 2205 514 2229 an
556 2194 656 2238 voci,
695 2203 795 2239 quae
835 2197 895 2227 est
931 2192 1109 2232 κρειττόνων
1147 2189 1401 2226 subaudiatur
1435 2188 1621 2235 puniendi
1648 2191 1850 2234 potestas).
1880 2187 1921 2222 In
1950 2188 2010 2229 iis,

289 2265 389 2300 quae
416 2259 632 2300 sequuntur
659 2253 879 2288 accuratius
907 2251 1112 2295 indicatur,
1139 2250 1205 2296 qui
1231 2250 1270 2284 hi
1295 2250 1463 2290 κριιττόνις
1485 2249 1699 2290 εἰηῑιγσνῆς,
1715 2245 2006 2290 ἅνδρεςβρχοντες,

289 2314 393 2360 iique
419 2312 586 2346 αἰδεῖσθαι
612 2313 803 2348 iubentur.
830 2311 971 2347 Postea
997 2311 1115 2346 etiam
1142 2321 1219 2345 non
1234 2309 1358 2344 solum
1374 2309 1513 2355 iegitur
1527 2307 1597 2340 οὔτε
1612 2307 1794 2349 ἀνθρώπους
1806 2305 2007 2353 αἰδούμενος,

289 2374 360 2409 sed
386 2374 554 2417 additur,
581 2372 686 2419 quod
713 2371 841 2406 Hirzel
868 2371 1035 2406 omittit:
1063 2370 1167 2402 οὔτε
1204 2370 1343 2405 θεοῦς
1381 2369 1527 2410 neap<
1547 2368 1648 2404 ε’νος
1675 2367 1757 2413 (917
1784 2366 1839 2414 Β),

335 2444 372 2475 γ.
412 2433 566 2479 Soph.
605 2432 651 2467 O.
691 2431 732 2466 R.
769 2433 839 2471 646
865 2441 941 2476 sqq
988 2430 1140 2466 Iocaste
1167 2440 1260 2465 sane
1288 2429 1337 2464 de
1363 2439 1406 2464 se
1432 2429 1519 2474 ipsa
1545 2427 1715 2473 loquitur
1741 2427 1915 2473 aiiisque,
1941 2427 2008 2473 qui

289 2492 454 2537 adsunt3
492 2492 599 2538 quod
639 2497 769 2527 autem
802 2491 983 2526 omnibus
1022 2489 1230 2536 praeponit
1264 2494 1325 2524 est
1359 2490 1617 2523 iuramentum
1645 2498 1667 2522 a
1694 2487 1845 2523 Creone
1872 2487 2007 2523 datum

288 2557 454 2594 (μάλιστα
491 2552 549 2594 μὶν
584 2550 672 2584 τόνδ’
713 2550 800 2592 ὅρκον
838 2548 1000 2586 αἴδεο-θὴς
1024 2553 1128 2591 θεῶν).
1156 2548 1263 2584 Idem
1290 2548 1433 2583 chorus
1458 2558 1514 2583 vs.
1542 2550 1606 2592 ⁶5¹
1637 2547 1881 2582 demonstrat
1907 2545 2007 2582 affir-

290 2624 399 2648 mans
439 2623 527 2648 eum
567 2622 655 2647 esse
693 2613 746 2643 νῦν
773 2611 802 2642 ἐν
829 2610 906 2651 ὅρκῳ
930 2612 1047 2651 μέγαν.
1075 2608 1230 2643 Minime
1257 2609 1372 2654 igitur
1397 2607 1461 2642 hic
1489 2607 1599 2643 locus
1625 2606 1772 2642 laudari
1799 2611 1932 2652 potest
1957 2606 2007 2641 ad

289 2672 635 2708 demonstrandum
688 2671 847 2706 deorum
904 2669 1179 2704 verecundiam
1219 2673 1443 2713 metumque
1483 2677 1634 2713 poenae
1673 2677 1750 2702 non
1789 2675 1876 2701 esse
1915 2665 2008 2701 iuris

290 2732 440 2767 iurandi
480 2731 773 2767 fundamentum
813 2729 883 2764 sed
918 2727 1014 2765 αἰδώς
1048 2738 1148 2774 quae
1176 2727 1328 2763 dicitur.
1358 2726 1488 2762 Monet
1514 2731 1675 2768 tantum,
1703 2732 1745 2761 ut
1770 2725 1818 2770 ei,
1844 2725 1911 2771 qui
1939 2735 2008 2771 per

290 2792 387 2827 deos
413 2791 598 2826 iuraverit
623 2789 738 2824 fidem
765 2788 990 2833 habeamus,
1017 2789 1075 2823 ius
1102 2786 1304 2822 iurandum
1333 2787 1416 2821 eius
1442 2796 1690 2821 revereamur
1714 2783 1927 2829 (αἷδύμιθα).

337 2850 365 2886 δ.
405 2851 439 2885 H
455 2862 478 2897 y
494 2861 580 2886 mn.
607 2850 644 2885 in
673 2849 743 2884 Me
759 2859 824 2884 rc.
852 2852 932 2892 381.
968 2848 1134 2883 Hermes
1160 2857 1253 2882 sane
1281 2845 1418 2887 Ἠέλιον,
1445 2846 1581 2892 inquit,
1608 2844 1641 2878 δέ
1666 2850 1748 2887 μάλ·
1774 2843 1927 2887 αἰδέομαι
1951 2844 2009 2877 καῖ

289 2910 445 2951 δαίμονας
482 2908 611 2948 ἄλλους,
647 2909 717 2945 sed
755 2908 830 2944 hoc
870 2909 905 2943 ei
943 2918 1019 2943 non
1046 2906 1201 2950 sufficit,
1229 2907 1287 2941 ius
1315 2905 1518 2941 iurandum
1545 2915 1725 2951 magnum
1752 2905 1862 2940 addit
1888 2902 2006 2950 (μέγαι

290 2968 521 3011 δ’ἂπιδώσομαι
555 2969 652 3010 ὅρκον.
693 2969 732 3004 ln
758 2969 843 3003 ‘hac
882 2978 981 3003 voce
1019 2965 1169 3008 αἱδέομαιι
1196 2966 1289 3001 iuris
1316 2965 1466 3001 iurandi
1493 2965 1569 3000 vim
1596 2974 1684 3000 esse
1712 2965 1892 3010 positam,
1918 2975 2008 3000 nus-

290 3041 407 3077 quam
446 3029 596 3075 legitur,
635 3038 762 3074 neque
802 3027 893 3064 iuris
931 3027 1082 3062 iurandi
1122 3027 1195 3061 vim
1236 3035 1322 3062 esse
1359 3023 1460 3064 αἰδώς
1500 3029 1665 3070 apparet
1691 3028 1840 3060 tantum
1869 3033 2007 3059 vocem

290 3100 391 3136 quae
419 3095 479 3125 est
505 3087 670 3121 ala-tesan
697 3087 874 3133 usurpari
901 3097 993 3133 erga
1019 3087 1116 3121 deos
1142 3096 1312 3132 quoque.

343 3158 374 3193 1)
400 3149 448 3186 cf.
488 3150 656 3185 Isocr.
695 3148 744 3184 ad
772 3147 906 3183 Dem.
951 3157 1004 3190 13.

339 3209 374 3255 2)
412 3208 615 3244 Platon.
656 3207 827 3254 Respubl.
868 3218 903 3252 p.
943 3209 1010 3249 363
1051 3205 1094 3240 D.
1131 3205 1179 3241 cf.
1218 3204 1334 3241 Osc.
1376 3204 1650 3251 Augustin
1689 3214 1724 3239 o.
1753 3203 1774 3238 1.
1801 3214 1837 3249 p.
1867 3213 1911 3246 30
1939 3203 2005 3249 qui

289 3270 372 3305 iure
399 3269 622 3315 opinionem
649 3266 818 3303 Platonis
844 3266 945 3301 hunc
972 3266 1010 3301 in
1038 3264 1195 3301 modum
1222 3264 1342 3300 refert
1362 3275 1398 3311 p.
1414 3274 1478 3310 35:
1506 3264 1570 3309 „In
1585 3263 1655 3299 der
1667 3261 1795 3305 ιῦορκία
1808 3262 2006 3299 erscheint
