2392 3750
1174 324 1229 376 76

343 449 407 506 ἆρ’
450 451 650 503 ἀνώνυμος
692 452 872 507 πέφυκεν
918 450 1048 503 ὥσπερ
1087 451 1272 502 οὑπάγων
1306 451 1520 506 &ubuum-03
1554 453 1637 496 sibi
1669 454 1933 507 persuadere
1966 468 2054 496 non

343 533 489 580 potest
532 526 679 567 omnia
721 525 884 566 Lichae
917 526 1050 566 verba
1083 538 1181 566 esse
1214 523 1333 577 falsa,
1366 525 1458 565 iure
1490 525 1672 567 iurando
1703 527 1867 580 quippe
1899 526 2054 568 confir-

343 604 473 639 mata.
505 595 548 637 τί
578 595 658 648 χρὴ
691 599 838 648 ποιεῖν;
872 596 1054 638 chorum
1086 596 1362 637 dubitatione
1379 596 1582 650 agitatus,
1602 603 1741 652 rogat,
1757 596 1806 643 ὡς
1825 595 1902 646 ἐγὼ
1922 595 2056 646 λόγοις

341 671 424 715 τοῖς
469 670 532 710 νῦν
579 670 768 719 παροῦσιν
818 665 1132 717 ἐκπεπληγμένη
1181 668 1279 718 κυρῶ
1308 665 1354 722 ¹),
1405 668 1473 709 cui
1523 668 1682 709 deinde
1728 669 2056 722 obtemperans,

341 741 499 782 iterum
542 740 723 782 Licham
771 741 1025 794 interrogat.
1068 739 1257 780 Nuntius
1299 738 1500 780 Herculis
1543 739 1832 781 calidissimus
1875 753 1937 781 vs.
1973 750 2058 792 399

342 813 434 853 iure
476 812 658 853 iurando
702 824 803 852 vere
849 824 898 852 se
929 812 1149 852 dicturum
1183 810 1420 861 affirmans,
1455 818 1602 863 sperat
1635 812 1742 860 fore,
1776 818 1823 852 ut
1855 813 1915 853 ita
1946 811 2057 853 Her—

343 883 450 925 culis
497 885 625 924 uxori
671 883 949 936 persuadeat,
1011 884 1090 924 sed
1138 883 1310 924 frustra.
1376 882 1418 924 A
1463 883 1618 924 nuntio
1665 882 1780 924 enim
1827 882 2058 925 Deianirae

345 957 638 1010 interrogatus
686 955 797 1007 ipso,
846 954 1037 995 Iolamne
1081 955 1300 1007 captivam
1343 953 1514 996 noverit
1531 952 1581 1008 ²),
1623 955 1758 996 οὔκουν
1799 955 1873 1008 qui
1904 955 2058 1009 inquit,

344 1024 527 1080 ἔφασκες
570 1024 746 1077 Εὐρύτου
781 1024 933 1077 σπορὰν
969 1023 1109 1078 ἄγειν;
1143 1027 1286 1079 primo
1318 1040 1423 1068 sane
1455 1038 1616 1081 negare
1649 1032 1832 1067 conatur
1863 1027 1955 1077 sed,
1985 1027 2059 1069 ubi

344 1098 651 1140 animadvertit
684 1098 932 1152 complures
964 1099 1199 1140 verborum
1232 1111 1412 1140 suorum
1445 1099 1579 1140 fuisse
1611 1103 1763 1150 testes,
1796 1098 2057 1151 respondet:

344 1167 475 1210 κλύειν
516 1171 559 1219 γ’
579 1167 772 1221 ἔφασκον.
831 1167 988 1217 δόκησιν
1031 1170 1161 1226 igitur
1209 1176 1382 1211 tanturn
1431 1171 1566 1212 fuisse
1613 1183 1728 1211 nunc
1773 1171 1847 1220 ait,
1881 1170 2059 1211 minime

344 1248 466 1283 certo
508 1255 555 1283 se
588 1242 782 1292 scivisse,
827 1242 895 1283 cui
929 1242 1078 1282 statim
1112 1247 1260 1282 tamen
1292 1241 1424 1283 alter:
1457 1239 1573 1282 ποίαν
1605 1239 1776 1294 δόκησιν,
1810 1242 1957 1292 refert,
1990 1239 2060 1281 οὐκ

343 1311 549 1362 ἐπώμοτος
580 1311 708 1362 λέγων
739 1310 917 1364 δάμαρτ’
949 1310 1135 1366 ἔφασκες
1164 1314 1363 1364 Ἡρακλεῖ
1375 1311 1526 1360 σαυτὴν
1544 1310 1682 1363 &ww
1720 1313 1820 1355 Non
1838 1324 2060 1355 rumorem

344 1385 517 1426 inanem
550 1385 697 1436 fuisse,
726 1386 994 1438 opinionem,
1029 1398 1160 1439 quam
1193 1387 1249 1427 ab
1281 1385 1420 1427 altero
1452 1386 1646 1427 auditam
1680 1385 1921 1436 rettulerat,
1954 1385 2060 1426 satis

343 1463 525 1510 apparet
571 1471 629 1498 ex
677 1470 745 1507 eo,
793 1457 914 1511 quod
957 1458 1048 1499 iure
1093 1457 1288 1506 iurando,
1334 1458 1377 1499 id
1411 1463 1480 1498 est
1512 1471 1644 1511 quarn
1676 1457 1869 1499 maxime
1902 1455 2060 1497 Lichas

344 1530 478 1570 verba
523 1542 603 1570 sua
650 1529 996 1570 confirmaverat.
1046 1529 1139 1570 Nec
1171 1528 1358 1581 amplius
1389 1542 1555 1585 negare
1586 1529 1656 1571 hic
1691 1535 1853 1582 potest,
1887 1527 2062 1570 simulat

344 1601 523 1655 quidem
565 1614 613 1642 se
657 1613 746 1642 non
788 1600 1058 1642 intellexisse
1101 1602 1235 1642 verba
1276 1601 1436 1650 audita,
1475 1614 1583 1642 mox
1618 1607 1766 1642 tamen
1797 1599 2062 1641 necessitate

345 1678 539 1723 coactus,
573 1672 806 1714 mentitum
839 1685 886 1713 se
919 1685 1017 1713 esse
1048 1672 1283 1715 confitetur
1303 1669 1350 1726 3).

409 1747 450 1790 Τ
446 1748 564 1791 rach.
603 1751 725 1791 1181.
759 1749 972 1791 Hercules
1005 1750 1195 1792 dilucide
1226 1751 1434 1800 ostendit,
1468 1750 1620 1805 quanti
1652 1750 1811 1791 habeat
1838 1750 1904 1790 ius
1922 1749 2062 1790 iuran-

346 1823 467 1875 dum,
509 1836 534 1863 a
576 1821 663 1863 filio
697 1822 991 1863 iuramentum
1025 1823 1208 1878 exigens
1240 1821 1465 1873 sollemne,
1501 1835 1589 1876 quo
1623 1821 1879 1875 polliceatur
1910 1821 1981 1862 hic
2013 1833 2062 1862 se

345 1895 458 1947 patri
489 1907 621 1948 quam
653 1907 834 1948 operam
866 1894 1054 1945 iusserit,
1088 1894 1399 1947 praestiturum
1418 1907 1529 1935 esse.
1549 1893 1646 1935 Iure
1663 1894 1846 1935 iurando
1864 1893 2062 1934 nondum

346 1967 466 2020 dato,
507 1972 646 2019 pater,
693 1979 825 2020 quem
869 1972 1066 2007 metuere
1108 1967 1199 2007 veri
1237 1966 1376 2007 simile
1419 1972 1487 2007 est
1525 1978 1579 2006 ne
1614 1978 1722 2006 mox
1755 1965 1915 2006 mentis
1943 1977 2062 2006 com-

347 2051 428 2091 pos
475 2051 564 2079 non
605 2037 790 2090 amplius
833 2038 903 2088 sit,
946 2051 1036 2079 non
1078 2038 1332 2092 acquiescit.
1367 2036 1409 2078 οὐ
1442 2034 1610 2088 θᾶσσον,
1644 2043 1785 2092 urget,
1819 2037 1936 2083 οἴσεις
1967 2034 2060 2086 μηδ’

345 2108 584 2158 ἀπιστήσεις
618 2107 708 2159 ἐμοί
723 2108 782 2164 ⁴);
815 2108 1074 2163 Suspicatur
1104 2109 1239 2151 filium
1272 2111 1388 2151 iussa
1418 2110 1500 2150 nisi
1517 2110 1706 2151 iuratum
1723 2122 1811 2150 non
1829 2109 2061 2158 facturum,

347 2196 435 2236 qua
476 2183 532 2223 de
564 2195 695 2224 causa
727 2182 786 2223 ita
821 2194 922 2223 eum
956 2182 1217 2237 constringit
1249 2195 1395 2235 exque
1427 2182 1490 2232 iis,
1524 2194 1636 2235 quae
1670 2187 1925 2234 sequuntur,
1958 2180 2064 2221 satis

347 2260 543 2306 apparet,
586 2252 766 2307 Hyllum
807 2253 939 2295 fidem
974 2260 1249 2294 servaturum
1282 2266 1394 2306 esse,
1426 2252 1626 2307 quamvis
1660 2251 1835 2293 difficile
1867 2253 1907 2292 ei
1939 2252 1996 2293 sit
2013 2248 2061 2306 5).

348 2325 488 2379 Ipsius
532 2331 679 2366 tamen
723 2326 858 2366 verba
903 2326 1036 2366 etiam
1078 2325 1384 2366 demonstrant
1416 2337 1505 2365 non
1537 2325 1630 2365 sine
1663 2336 1795 2365 causa
1826 2321 2062 2364 Herculem

348 2397 483 2438 filium
517 2398 812 2439 iuramentum
843 2397 1045 2452 adegisse
1066 2393 1111 2448 6).

407 2472 605 2515 Electrae
633 2482 704 2526 47.
767 2474 836 2516 De
868 2474 953 2516 hoc
984 2487 1114 2516 versu
1146 2480 1248 2527 post
1280 2473 1417 2527 plura.

483 2570 539 2576 ——
630 2546 731 2589 626.
764 2545 1086 2600 Clytaemestra
1130 2546 1270 2587 minas
1312 2546 1452 2587 iurata
1492 2544 1693 2594 affirmat,
1729 2556 1817 2598 quo
1853 2544 2063 2584 maiorem

401 2775 434 2814 1)
461 2771 508 2807 cf.
535 2771 675 2808 Trach.
703 2773 770 2816 385
797 2782 883 2817 sqq.

399 2834 437 2872 2)
465 2831 513 2867 cf.
540 2842 575 2867 o.
602 2831 623 2867 l.
651 2842 707 2867 vs.
735 2841 814 2875 4¹9-

401 2891 436 2937 3)
463 2891 510 2927 cf.
537 2902 573 2927 o.
599 2891 620 2926 l.
647 2903 703 2927 vs.
733 2899 813 2936 475.

400 2950 438 2998 4)
465 2951 512 2987 cf.
539 2962 575 2987 o.
601 2951 624 2986 l.
649 2962 705 2986 vs.
738 2953 837 2994 1183.

402 3014 437 3057 5)
463 3011 511 3047 cf.
539 3021 573 3046 ο.
601 3010 622 3045 l.
653 3020 742 3054 1249
769 3020 880 3056 sqq.:
905 3011 1024 3051 τοιγὰρ
1050 3008 1173 3047 ποιήσω
1199 3007 1276 3041 κούκ
1299 3007 1491 3049 ἀπώσομαι,
1515 3009 1555 3040 τὸ
1581 3009 1637 3040 σόν

897 3071 982 3107 θεοῖς
1007 3068 1128 3106 δεικνὺς
1153 3067 1258 3110 ἔργον·
1287 3067 1324 3101 οὗ
1349 3069 1415 3110 γὰρ
1445 3066 1483 3100 ἄν
1511 3079 1591 3100 ποτε

899 3128 994 3166 mx&
1019 3129 1153 3171 φανείην
1178 3128 1235 3161 σοι’
1253 3139 1295 3170 γε
1321 3125 1518 3167 πιστεύσας,
1545 3126 1662 3168 πάτερ.

401 3200 438 3247 6)
465 3201 513 3237 cf.
539 3212 575 3236 0.
601 3201 623 3237 l.
654 3212 764 3244 1203:
803 3200 886 3243 σ’ίμοι
910 3202 1025 3246 πάτερ,
1050 3201 1091 3233 τί
1111 3198 1222 3240 εἷποιςς
1259 3197 1311 3232 οἷα
1336 3198 1552 3242 μ’ἐίργασαι,
1596 3204 1802 3246 praeterea
1835 3202 1934 3246 1206,
1964 3208 2064 3239 1210,

358 3272 460 3304 1230,
493 3271 593 3304 1243,
625 3269 724 3306 1245,
756 3270 855 3304 1247.
987 3253 989 3255 ’
