2392 3750
951 582 998 621 C.
1042 582 1108 621 De
1137 584 1278 621 rebus
1309 582 1353 630 ¹).

356 862 495 904 Multo
541 862 736 915 pluribus
783 863 890 904 locis
920 862 1038 915 apud
1070 861 1260 916 tragicos
1293 862 1504 903 formulae
1531 861 1748 917 leguntur,
1776 862 1819 902 in
1846 861 2005 914 quibus

297 947 365 974 res
412 934 629 988 quaedam
675 933 919 987 appellatur
934 930 983 986 ²),
1031 932 1162 988 vulgo
1204 933 1353 975 addita
1400 933 1728 987 praepositione
1761 929 1872 984 πρός,
1906 931 2006 972 licet

296 1004 404 1046 aliae
435 1018 524 1046 non
556 1005 702 1047 desint
718 1001 768 1060 ³).

356 1075 533 1130 Operae
564 1077 752 1130 pretium
787 1082 854 1118 est
886 1081 1097 1118 annotare
1130 1073 1391 1129 Aeschylum
1423 1075 1533 1118 tales
1579 1076 1811 1117 iuramenti
1842 1076 2007 1116 formu-

293 1147 356 1189 las
397 1162 476 1202 per
508 1162 577 1189 res
609 1148 699 1190 dati
730 1161 874 1203 neque
917 1149 960 1189 in
993 1147 1149 1189 fabulis
1193 1148 1354 1189 relictis
1386 1162 1530 1202 neque
1562 1148 1604 1188 in
1638 1147 1896 1203 fragmentis
1929 1161 2007 1188 ex·

297 1219 446 1261 hibere
477 1233 565 1260 uno
597 1218 695 1261 loco
727 1227 947 1272 excepto:
981 1218 1103 1272 Sept.
1138 1219 1235 1260 adv.
1269 1219 1410 1260 Theb.
1449 1220 1549 1272 516,
1580 1219 1653 1260 ubi
1687 1219 1864 1260 nuntius

414 1287 554 1339 ὄμνυσι
581 1290 956 1344 (Parthenopaeus
985 1292 1079 1344 sc.).
1109 1291 1261 1345 inquit,
1289 1289 1488 1342 δἀἶχμῆν
1522 1287 1566 1337 ἣν
1598 1287 1687 1341 ἔχει
1719 1289 1877 1338 μᾶλλον
1911 1290 2007 1329 θεοῦ

415 1360 545 1411 σέβειν
578 1359 784 1408 πεποιθὼς
814 1359 1008 1412 ὀμμάτων
1039 1360 1294 1414 Ξ·’ὑπέρτερον

414 1430 516 1483 ἤμην
549 1431 752 1483 λαπάξειν
783 1430 889 1475 ἄστυ
923 1432 1131 1484 Καδμείων
1164 1431 1239 1487 βίᾳ
1271 1447 1367 1488 sqq.

296 1505 370 1559 qui
396 1505 519 1547 locus
550 1512 708 1559 postea
739 1506 986 1548 accuratius
1019 1507 1099 1547 erit
1132 1506 1399 1548 tractandus.

354 1577 446 1618 Nec
492 1577 535 1618 in
583 1578 847 1619 carminibus
892 1575 1137 1630 Sophocleis
1186 1577 1322 1619 multa
1368 1577 1660 1627 inveniuntur,
1703 1575 1827 1629 plura
1857 1582 2005 1617 autem

294 1649 411 1702 apud
443 1648 710 1702 Euripidem.

355 1719 471 1761 Inter
516 1733 586 1761 res
630 1721 852 1762 invocatas
899 1720 1096 1774 inprimis
1139 1726 1242 1762 sunt
1284 1720 1593 1761 memorandae
1629 1726 1778 1772 partes
1810 1718 2007 1772 corporis

295 1791 414 1832 velut
447 1799 592 1844 caput,
625 1791 797 1843 dextra,
831 1798 1042 1843 mentum,
1075 1805 1230 1848 genua,
1263 1792 1523 1845 praesertim
1541 1792 1584 1833 in
1602 1791 1806 1845 precibus
1822 1791 2007 1832 deorum

295 1863 595 1904 obtestatione
642 1864 924 1905 confirmatis.
966 1864 1139 1906 Deinde
1180 1878 1271 1911 eae,
1304 1877 1417 1918 quae
1449 1877 1550 1905 cum
1585 1862 1790 1919 religione
1822 1863 2007 1904 deorum

294 1935 483 1988 quadam
531 1949 589 1976 ex
637 1942 760 1988 parte
808 1936 893 1977 sint
941 1949 1197 1977 connexae:
1244 1935 1420 1988 templa,
1453 1948 1567 1988 arae,
1601 1934 1832 1988 Olympus,
1866 1935 2006 1983 focus,

294 2005 425 2058 fluvii,
475 2007 634 2048 fontes.
682 2007 883 2061 Denique
930 2007 1052 2057 aliae,
1098 2021 1212 2062 quae
1258 2008 1398 2049 varias
1444 2008 1502 2048 ob
1547 2019 1702 2049 causas
1733 2004 2006 2060 appellantur

296 2077 414 2121 velut
446 2078 628 2135 gladius,
660 2079 798 2121 hasta.

347 2263 380 2305 ι)
417 2261 475 2297 De
514 2262 739 2298 iuramentis
773 2268 839 2309 per
863 2263 1047 2299 animalia
1073 2262 1185 2307 datis,
1212 2263 1260 2298 de
1287 2263 1428 2309 quibus
1455 2262 1688 2307 permultum
1714 2262 1790 2297 iam
1815 2261 2004 2308 scripturn

296 2327 369 2364 est,
405 2321 497 2357 nihil
534 2332 652 2367 supra
685 2321 779 2365 dixi,
818 2322 908 2367 quia
934 2322 1039 2368 apud
1067 2323 1238 2369 tragicos
1266 2333 1342 2358 non
1369 2321 1615 2357 inveniuntur
1642 2331 1719 2356 uno
1745 2326 1895 2356 tantum
1921 2321 2008 2356 loco

295 2386 466 2427 excepto
492 2390 546 2417 sc.
573 2381 643 2416 Eu
657 2392 686 2416 r.
713 2381 815 2428 Cycl.
833 2383 913 2425 262,
939 2382 1004 2417 ubi
1024 2381 1201 2417 Seilenos
1216 2392 1293 2416 non
1307 2381 1430 2417 solum
1446 2382 1602 2416 invocat
1617 2386 1759 2416 testem
1774 2380 2007 2426 Neptunum,

296 2451 429 2477 verum
465 2441 581 2476 etiam
616 2441 713 2476 deos
747 2441 843 2476 alios
877 2442 1047 2477 marinos
1086 2451 1253 2487 cumque
1280 2442 1327 2477 iis
1353 2442 1421 2481 ἱερὰ
1447 2439 1580 2482 κύματα
1606 2438 1730 2483 Ῑχθῦων
1756 2450 1791 2473 τε
1816 2443 1883 2472 πᾶν
1907 2443 2006 2482 γένος.

296 2499 399 2536 Satis
435 2506 600 2547 apparet
636 2511 713 2536 non
750 2500 855 2536 velut
888 2500 1068 2536 animalia
1093 2511 1139 2536 ea
1165 2502 1339 2537 invocari
1365 2501 1435 2536 sed
1461 2506 1646 2547 tanquam
1674 2500 1782 2536 deos.
1808 2500 1857 2536 cf.
1885 2500 1934 2536 de
1961 2501 2007 2535 iis

296 2558 474 2606 Nagelsb.
513 2559 660 2597 Nachh.
698 2559 831 2595 Theoi.
870 2571 909 2607 p.
949 2563 1040 2603 469;
1082 2560 1251 2596 Lasaulx
1290 2560 1369 2596 Der
1408 2561 1480 2595 Eid
1520 2572 1556 2606 p.
1596 2570 1663 2606 2⁷3
1690 2559 1909 2595 Meinhardt
1934 2571 1958 2596 o
1985 2559 2007 2598 l.

296 2630 331 2665 p.
360 2629 403 2663 72
430 2631 528 2666 sqq„
566 2620 630 2666 qui
669 2619 842 2666 singulos
878 2620 988 2656 locos
1020 2619 1132 2656 assert
1174 2626 1213 2656 et
1239 2621 1438 2667 copiosius
1465 2620 1514 2655 de
1541 2620 1587 2655 iis
1613 2620 1814 2666 disputat;
1837 2619 2006 2666 Stengel.

297 2678 369 2714 Die
408 2678 474 2715 Gr.
511 2679 807 2715 Kultusalterth.
846 2691 881 2726 p.
911 2683 955 2723 78
996 2679 1113 2726 (Iwan
1141 2679 1275 2716 Mfiller
1302 2680 1454 2715 Handb.
1480 2680 1517 2715 d.
1544 2679 1593 2715 kl.
1621 2679 1848 2717 Alt.wschft.
1874 2679 1919 2720 V,
1947 2681 2007 2724 3);

297 2738 566 2785 Schom·Lips,
606 2738 671 2775 Gr.
706 2738 869 2774 Alterth.
906 2750 941 2785 p.
969 2749 1050 2783 277.
1077 2740 1155 2775 lam
1182 2739 1499 2786 Rhadamanthys
1525 2739 1592 2774 tali
1617 2739 1699 2775 iure
1725 2739 1888 2775 iurando
1914 2750 2007 2775 usus

297 2807 384 2833 esse
421 2797 563 2833 dicitur
601 2797 665 2840 (cs.
705 2798 832 2833 Hirzel
872 2810 935 2845 pp.
968 2810 1032 2835 ioo
1059 2802 1159 2842 ete).
1188 2798 1318 2835 Simile
1346 2798 1440 2844 quid
1467 2798 1515 2834 de
1543 2797 1728 2845 Euripide
1755 2803 1932 2836 narratur
1957 2798 2007 2835 cs.

297 2856 532 2903 Paromiogr.
560 2856 624 2893 Gr.
653 2857 667 2892 1
692 2868 728 2903 p.
760 2868 818 2901 14¹
828 2868 858 2901 3.
886 2868 1121 2904 quamquam
1148 2859 1222 2904 ipsi
1249 2858 1396 2904 antiqui
1423 2857 1514 2893 nihil
1541 2858 1639 2893 certi
1664 2857 1811 2893 dixisse
1827 2858 2008 2894 videntur

298 2916 343 2952 cs.
386 2916 525 2958 Hirzel‚
563 2916 584 2954 l.
611 2916 632 2953 1.
671 2917 768 2952 Fere
807 2927 942 2953 omnes
979 2923 1163 2954 auctores
1190 2918 1439 2953 consentiunt
1465 2926 1553 2952 cum
1581 2916 1716 2963 Lipsio
1742 2916 1798 2952 l.l.
1826 2916 2006 2952 dicente:

298 2975 385 3021 „Sie
425 2986 553 3012 waren
568 3002 669 3011 .....
709 2977 771 3012 ein
797 2977 946 3012 Beweis
972 2977 1042 3012 der
1065 2978 1246 3023 Achtung
1273 2988 1342 3012 vor
1369 2976 1444 3012 den
1471 2975 1638 3012 Gottern
1663 2976 1742 3012 und
1767 2976 1924 3011 werden
1950 2975 2007 3011 als

297 3035 451 3072 solcher
473 3046 549 3071 von
572 3034 669 3071 allen
696 3035 980 3083 Verstandigen
1007 3035 1263 3083 angesehen'·.

347 3094 502 3130 Minime
541 3100 601 3130 est
639 3095 775 3131 mirum
814 3096 851 3131 in
890 3096 1127 3142 tragicorum
1165 3096 1283 3142 gravi,
1310 3095 1445 3142 grandi
1471 3105 1649 3131 sermone
1676 3094 1766 3131 talia
1792 3095 2007 3131 iuramenta

297 3165 374 3190 non
399 3154 572 3199 inveniri,
598 3154 663 3190 ubi
690 3155 993 3191 iuramentorum
1018 3166 1110 3191 usus
1137 3155 1307 3191 insolens
1334 3166 1421 3191 raro
1448 3155 1650 3191 invenitur.

347 3216 381 3256 2)
407 3213 456 3249 cf.
483 3213 615 3249 Index.

346 3278 382 3317 3)
409 3273 457 3309 cs.
484 3272 540 3308 El.
567 3275 659 3317 88η
687 3273 846 3310 Philoct.
878 3277 989 3320 12893
1015 3273 1166 3322 (Rhea.)
1192 3277 1284 3320 8273
1310 3274 1451 3311 Phoen.
1484 3278 1581 3319 ¹677·
