2392 3750
7 524 15 540 »
0 117 31 497 was-‘maim

1077 340 1133 384 47

304 460 460 516 Neque
491 458 746 514 Aeschylus,
779 473 924 514 neque
957 458 1184 515 Sophocles
1225 461 1442 504 eiusmodi
1469 460 1678 503 formulas
1712 460 1893 503 exhibet
1913 458 1959 517 1).

245 530 378 585 Apud
418 530 679 584 Euripidem
726 544 816 572 uno
848 538 1020 572 tantum
1053 530 1151 572 loco
1184 531 1400 586 leguntur,
1429 532 1504 574 ubi
1536 532 1703 574 scilicet
1736 532 1961 574 Menelaus

246 616 348 644 vere
389 616 437 644 se
483 603 702 644 dicturum
748 615 848 643 esse
895 603 1069 643 iurans:
1127 600 1323 644 »Πέλοπα
1369 601 1646 653 κατόμνυμι,”
1691 604 1844 658 inquit,
1898 601 1963 651 »ὅς

245 672 379 725 πατὴρ
411 672 557 723 τούμόυ
590 672 743 725 πατρὸς
773 674 842 713 τόυ
873 676 940 714 σὸυ
971 675 1009 714 τ’
1028 670 1183 724 ἐκλήθη
1216 673 1283 715 τὸν
1314 672 1486 716 τεκόντα
1517 676 1555 715 τ’
1580 673 1776 726 Ἀτρέοι.”
1796 673 1830 728 ²)

303 743 457 799 Pelops
503 746 682 798 quidem
729 759 755 786 a
805 744 908 786 Iove
956 758 1094 800 genus
1142 759 1269 787 suum
1319 747 1523 797 ducebat,
1572 747 1666 799 ipse
1712 753 1860 788 autem
1893 753 1962 789 est

244 816 392 867 homo,
422 818 622 870 quamvis
654 817 1002 870 potentissimus.
1044 817 1159 858 Fieri
1191 824 1354 870 potest,
1393 824 1441 859 ut
1474 818 1701 860 Menelaus
1733 831 1835 860 eum
1867 825 1962 860 tan-

242 899 375 940 quam
423 890 554 930 deum
602 889 883 940 invocaverit,
937 899 1204 940 quamquam
1246 889 1321 930 vix
1369 888 1577 930 credibile
1624 889 1709 931 hoc
1739 897 1834 940 est;
1867 889 1961 931 fieri

243 959 375 1000 etiam
401 966 564 1013 potest,
598 967 645 1001 ut
678 961 833 1002 horum
867 961 1102 1001 verborum
1120 960 1382 1016 significatio
1400 961 1456 1002 sit
1473 961 1608 1002 haec:
1643 960 1789 1014 Quam
1807 974 1959 1002 verum

242 1036 324 1081 est,
371 1030 533 1084 Pelopa
578 1030 804 1083 Atreaque
851 1043 950 1071 esse
996 1045 1127 1072 avum
1170 1038 1430 1084 patremque
1478 1045 1641 1083 meum,
1684 1039 1775 1073 tam
1806 1046 1958 1074 verum

243 1107 324 1142 est.
345 1133 352 1141 .
373 1134 411 1144 ..
446 1109 530 1143 etc.
578 1101 711 1156 Quod
757 1103 793 1143 si
841 1102 902 1144 ita
935 1108 1016 1152 est,
1054 1103 1217 1144 iustum
1251 1104 1315 1144 ius
1349 1103 1580 1144 iurandum
1613 1104 1699 1145 dici
1731 1103 1840 1145 haec
1871 1105 1958 1145 for-

243 1172 359 1214 mula
391 1186 480 1214 non
514 1179 676 1226 potest,
711 1174 874 1227 quippe
907 1186 1021 1226 quae
1053 1174 1344 1216 fundamento
1372 1180 1495 1216 certo
1527 1180 1688 1216 careat.
1721 1174 1785 1216 Ita
1801 1175 1958 1217 horum

243 1245 476 1286 verborum
536 1244 695 1286 fiducia
752 1246 903 1286 nititur
959 1246 1047 1286 side
1096 1252 1229 1298 atque
1288 1246 1521 1287 honestate
1577 1246 1769 1288 humana
1814 1259 1959 1300 neque

242 1316 343 1356 ideo
374 1316 471 1369 plus
504 1316 661 1366 valent,
706 1328 836 1368 quarn
876 1329 997 1358 mera
1036 1318 1322 1359 asseveratio.
1385 1317 1431 1358 In
1468 1318 1562 1359 iure
1594 1317 1778 1360 iurando
1810 1325 1959 1360 tamen

241 1399 354 1440 opus
386 1394 454 1428 est
488 1394 612 1429 certo
643 1387 946 1439 fundamento,
979 1387 1173 1441 alioquin
1213 1390 1341 1442 pretii
1375 1389 1555 1430 maximi
1583 1390 1788 1431 omnibus
1819 1390 1958 1432 homi·

241 1459 370 1500 nibus
402 1472 500 1500 esse
534 1472 621 1501 non
653 1466 816 1513 potest,
850 1473 963 1513 opus
996 1466 1063 1501 est
1094 1460 1258 1502 auxilio
1287 1461 1450 1502 divino.

301 1530 428 1573 Unde
475 1531 724 1573 huiusmodi
772 1531 999 1582 formulae,
1057 1532 1149 1573 iure
1206 1532 1390 1574 iurando
1442 1532 1686 1574 simillimae
1728 1533 1957 1574 extiterint

241 1614 349 1643 mox
395 1601 712 1658 intellegemus,
762 1603 940 1655 quando
987 1604 1031 1644 in
1066 1616 1134 1645 res
1167 1604 1285 1656 apud
1328 1603 1520 1658 tragicos
1567 1603 1609 1644 in
1649 1604 1742 1646 iure
1774 1605 1957 1646 iurando

238 1674 479 1722 invocatas,
514 1674 832 1726 inquisivimus.

299 1742 368 1786 De
406 1744 548 1786 rebus.
603 1743 955 1787 Observantibus
998 1746 1202 1797 indicem,
1246 1758 1378 1799 quam
1412 1746 1512 1788 huic
1543 1746 1655 1788 libro
1687 1747 1838 1789 addidi
1869 1749 1955 1789 iam

239 1817 382 1870 primo
417 1818 577 1858 obtutu
614 1823 811 1870 apparet,
856 1818 899 1859 id
942 1818 1063 1869 quod
1104 1818 1352 1860 accuratius
1394 1819 1431 1860 si
1466 1819 1772 1861 consideratur
1800 1819 1957 1861 confir-

238 1895 395 1940 matur,
443 1888 683 1942 permultas
731 1889 809 1930 has
860 1902 930 1931 res
978 1889 1070 1931 sive
1116 1890 1171 1931 ad
1218 1890 1340 1941 deos,
1389 1891 1482 1932 sive
1521 1890 1577 1932 ad
1614 1891 1799 1932 deorum
1832 1904 1957 1933 sacra

238 1960 570 2012 quodammodo
602 1961 836 2014 pertinere.
901 1959 1035 2014 Apud
1067 1958 1332 2014 Aeschylum
1366 1961 1502 2003 semel
1534 1967 1707 2004 tantum
1738 1963 1956 2004 eiusmodi

238 2032 304 2073 ius
351 2031 582 2074 iurandum
628 2032 726 2087 legi,
778 2045 910 2085 supra
957 2034 1043 2074 iam
1091 2033 1368 2075 ostendimus
1409 2046 1471 2074 sc.
1534 2031 1648 2086 Sept.
1685 2031 1788 2074 adv.
1827 2031 1868 2074 T
1864 2032 1955 2076 heb.

242 2104 328 2156 516
358 2115 471 2156 sqq.,
504 2104 579 2145 ubi
610 2104 666 2146 de
697 2104 1032 2158 Parthenopaeo
1063 2104 1268 2146 dicuntur
1298 2105 1436 2147 haec:

654 2173 791 2224 ὄμνυσι
823 2174 1040 2227 δἀἱχμὴν
1072 2172 1115 2223 ἦν
1147 2172 1238 2226 ἔχει
1269 2176 1434 2225 μᾶλλον
1463 2172 1565 2217 θεῶν

654 2245 784 2296 σέβειν
818 2244 1023 2294 πεποιθὼς
1055 2245 1250 2297 ὀμμάτων
1296 2247 1331 2288 δ’
1351 2246 1558 2299 ὑπέρτερον

657 2315 679 2365 ἦ
722 2317 800 2368 μὴν
844 2316 1044 2375 λαπάξειν
1077 2317 1182 2359 ἄστυ
1218 2317 1424 2368 Καδμέιων
1462 2318 1538 2373 βίᾳ

659 2395 761 2436 Διός.

296 2472 378 2515 Per
409 2474 580 2515 hastam
629 2474 757 2529 igitur
789 2474 899 2516 iurat
933 2488 981 2515 se
1023 2474 1201 2516 Thebas
1234 2476 1519 2528 direpturum.
1586 2476 1776 2519 Additur
1807 2484 1954 2520 autem

234 2544 340 2597 ipsis
374 2544 495 2586 hisce
528 2546 741 2596 versibus,
777 2559 877 2587 eum
909 2546 1008 2588 huic
1043 2546 1194 2588 hastae
1226 2546 1358 2588 fidem
1393 2548 1603 2589 maiorem
1631 2548 1793 2590 habere
1821 2561 1954 2602 quam

235 2616 350 2664 de03
383 2616 507 2658 hasta
540 2617 580 2658 ei
613 2629 701 2658 non
736 2617 921 2670 amplius
954 2625 1021 2659 est
1040 2631 1110 2659 res
1136 2619 1271 2659 immo
1288 2618 1450 2671 aliquid
1468 2619 1534 2660 vel
1553 2620 1639 2661 deo
1658 2621 1883 2673 potentius
1907 2619 1952 2676 ³).

288 2783 320 2824 1)
357 2781 500 2817 Aiac.
542 2784 611 2825 ⁴¹6
650 2784 754 2821 τοῦτο,
780 2783 904 2829 inquit
932 2784 1041 2825 Aiax,
1064 2797 1109 2820 τις
1135 2787 1252 2825 Φρονῶν
1276 2783 1367 2819 ἵστω.
1408 2785 1483 2820 Vix
1510 2786 1751 2823 credendum
1778 2792 1838 2823 est
1865 2798 1953 2823 eum

235 2841 273 2876 in
312 2842 441 2877 animo
475 2841 658 2877 habuisse
685 2842 822 2877 iurare.
850 2842 956 2878 Mera
983 2849 1043 2879 est
1069 2843 1288 2885 affirmatio,
1316 2846 1420 2891 quod
1446 2846 1550 2881 idem
1578 2846 1788 2883 dicendum
1817 2853 1876 2883 est
1903 2848 1953 2884 de

235 2901 348 2937 Eur.
387 2901 528 2937 Troad.
567 2910 647 2947 955,
687 2903 751 2938 ubi
791 2903 932 2939 Helena
968 2903 1103 2949 vigiles
1142 2910 1319 2940 testatur.
1363 2906 1468 2941 Item.
1507 2905 1620 2944 Eur.
1648 2906 1692 2943 fr.
1717 2917 1762 2951 92
1789 2918 1867 2944 non
1893 2914 1954 2944 est

233 2961 295 2996 ius
322 2961 537 2996 iurandum.

282 3023 320 3062 2)
346 3020 395 3055 cf.
423 3020 534 3056 Eur.
562 3020 640 3066 lph.
671 3020 714 3056 Α.
744 3031 824 3065 473.

282 3082 319 3123 3)
357 3080 414 3115 De
455 3082 528 3115 hoc
562 3080 650 3116 loco
688 3082 759 3116 viri
786 3082 893 3117 docti
921 3082 1031 3117 valde
1059 3083 1293 3119 dissentiunt
1319 3084 1367 3120 cf.
1408 3085 1691 3121 Wecklein
1731 3087 1767 3123 in
1795 3087 1953 3133 Appen-

233 3139 333 3175 dice.
360 3151 395 3185 p.
425 3150 480 3184 73,
506 3140 684 3186 Inprimis
717 3142 834 3176 verba
860 3153 960 3188 quae
987 3149 1077 3178 sunt
1101 3143 1257 3183 ὀμμάτων
1284 3142 1451 3186 ὑπέρτερον
1478 3145 1649 3181 difficilia
1675 3147 1725 3182 ad
1741 3147 1954 3194 intelligen-

234 3198 325 3235 dum
352 3199 444 3235 mihi
471 3200 651 3236 videntur
676 3211 802 3247 neque
829 3200 991 3239 aemoaso'ie
1020 3202 1131 3238 facile
1160 3213 1247 3238 cum
1276 3205 1419 3240 ceteris
1446 3205 1574 3240 verbis
1602 3206 1784 3253 coniungi
1808 3212 1952 3254 potest.

233 3258 439 3295 Praeterea
476 3259 551 3295 iam
589 3259 786 3297 Ritsch
826 3262 976 3307 putavit
1016 3267 1105 3308 post
1138 3273 1193 3298 vs.
1221 3272 1260 3308 5¹
1269 3273 1288 3309 5
1317 3274 1470 3300 versum
1497 3275 1638 3301 nomen
1666 3265 1951 3314 Parthenopaei
