2392 3750
1267 288 1323 338 48

500 414 637 470 Apud
678 415 926 470 Sophoclem
977 416 1276 470 compluribus
1324 416 1431 459 locis
1480 430 1549 459 res
1601 418 1642 460 in
1689 418 1780 460 iure
1813 418 1996 460 iurando
2029 418 2149 460 invo-

438 495 621 530 cantur:

499 559 565 600 El.
604 562 681 602 881
737 563 847 602 iurat
881 559 1243 612 Chrysothemis:
1287 558 1349 609 μὰ
1390 560 1460 611 τὴν
1493 558 1684 612 πατρῴαν
1716 559 1853 601 ἑστίαιν
1889 593 1897 602 .
1934 594 1941 602 .
1979 594 1986 601 .
2022 592 2061 607 .,
2094 561 2150 603 de

437 644 525 684 quo
559 632 656 672 loco
688 645 820 684 supra
853 632 937 672 iam
971 638 1037 672 est
1070 633 1357 685 disputatum,
1391 644 1504 684 quae
1536 633 1649 674 vide.
1669 630 1702 687 1)
1733 630 1848 673 ἑστίαι
1877 646 1946 674 res
1965 632 2150 674 dicihoc

438 703 535 744 loco
578 705 651 744 vix
697 710 859 756 potest,
901 704 1005 756 quin
1039 704 1328 745 dubitandum
1362 711 1442 753 est,
1477 718 1532 745 an
1565 705 1620 745 sit
1653 705 1935 746 scribendum
1966 701 2149 744 Ἑστίαν.

503 773 656 817 Trach.
698 776 820 827 1185.
872 774 1084 816 Hercules
1132 774 1267 816 filium
1315 775 1467 816 testari
1515 776 1634 816 iubet
1677 775 1790 816 Iovis
1837 782 1982 828 caput,
2029 775 2152 828 quod

437 847 540 888 nihil
587 860 684 887 esse
726 847 809 887 nisi
859 847 925 887 ius
968 847 1197 888 iurandum
1228 860 1305 900 per
1334 847 1478 900 ipsum
1512 846 1660 888 Iovem
1692 849 1994 900 unusquisque
2027 845 2152 888 facile

438 919 665 959 concedet.
703 914 737 969 2)

496 987 673 1030 ΡΙιὶίοεί.
730 991 853 1040 1289.
902 989 1377 1042 Neoptolemus
1425 987 1614 1039 ἀπώμοσ’
1658 991 1812 1044 inquit,
1858 988 1986 1039 ἁγνοῦ
2033 987 2153 1040 Ζηνὸς

437 1060 619 1112 ὕψιστον
660 1059 804 1110 σέβας,
852 1061 927 1103 ubi
967 1060 1300 1102 circumlocutio
1343 1075 1456 1114 quae
1499 1062 1656 1103 dicitur
1696 1068 1799 1102 sunt
1831 1062 1986 1103 verba:
2035 1058 2152 1109 Ζηνὸς

436 1132 568 1190 σέβας
607 1158 651 1163 -
689 1147 770 1186 pro
812 1130 930 1180 Ζηνός
970 1130 1099 1182 σέβως
1141 1129 1251 1180 ἀξίου
1270 1129 1314 1184 3).
1365 1132 1646 1174 Conferenda
1687 1140 1788 1174 sunt
1823 1146 1923 1174 cum
1955 1134 2152 1186 pernotis

435 1204 516 1246 illis
564 1202 597 1251 ἴς
643 1203 862 1252 Ὀδυσσῆος
877 1201 929 1259 ¹¹).
978 1205 1158 1258 Proprie
1204 1205 1334 1260 igitur
1375 1204 1695 1258 Neoptolemus
1738 1205 1848 1246 iurat
1889 1217 1967 1258 per
2007 1205 2151 1258 ipsum

435 1276 597 1318 Iovem.

494 1346 606 1388 Sunt
638 1352 787 1387 tamen
818 1345 928 1387 aliae
962 1345 1189 1392 formulae.
1223 1347 1266 1387 in
1299 1346 1458 1398 quibus
1491 1345 1560 1387 dei
1594 1346 1772 1398 quidem
1805 1345 1888 1398 ipsi
1914 1358 2003 1386 non
2031 1346 2152 1386 invo-

436 1424 603 1468 cantur,
637 1418 803 1459 iuratur
836 1424 983 1459 autem
1019 1431 1098 1470 per
1131 1431 1213 1468 res,
1263 1429 1375 1470 quae
1408 1430 1509 1459 cum
1542 1418 1593 1458 iis
1625 1417 1844 1458 artissime
1877 1416 2152 1458 cohaereant.

496 1488 562 1532 El.
603 1491 725 1540 1063.
775 1503 863 1530 non
895 1489 1044 1530 Iovem
1077 1490 1220 1542 ipsum
1254 1495 1442 1530 testatur
1489 1489 1662 1538 chorus,
1714 1488 1793 1529 sed
1836 1488 2000 1529 fulmen
2043 1487 2151 1538 eius,

434 1560 533 1601 ἀλλ’
575 1560 616 1601 οὐ
651 1558 746 1618 [μὰ]
780 1562 995 1615 inquiens,
1043 1558 1120 1600 τάν
1153 1559 1245 1607 Διὸς
1288 1557 1515 1611 ἀστραπάν,
1563 1561 1722 1614 quibus
1755 1561 1898 1600 verbis
1930 1559 2051 1601 addit
2081 1555 2149 1598 καὶ

434 1631 509 1673 τάν
542 1631 723 1684 οὐρανίαν
755 1630 894 1681 Θέμιν.

494 1702 598 1745 Ant.
637 1706 736 1758 758.
784 1711 828 1745 et
881 1702 929 1746 O.
963 1702 1018 1745 R.
1059 1706 1167 1757 1087
1216 1705 1381 1745 iuratur
1429 1717 1507 1756 per
1556 1702 1809 1756 Olympum.
1859 1701 2007 1758 Antig.
2050 1702 2152 1755 758.

435 1777 654 1830 Olympus
702 1777 798 1818 sine
845 1776 982 1817 dubio
1030 1776 1159 1817 sedes
1193 1782 1260 1817 est
1293 1776 1491 1827 deorum,
1540 1775 1583 1816 id
1616 1781 1684 1815 est
1717 1774 1889 1816 coelum
1908 1771 1939 1827 ⁵)
1972 1779 2018 1815 et
2048 1787 2150 1815 cum

435 1967 699 2001 continentem
726 1965 984 2007 intercidisse,
1012 1965 1104 2010 quia
1130 1964 1282 2009 priores
1309 1963 1431 1998 duces
1457 1963 1567 1998 initio
1594 1974 1750 2009 quoque
1767 1962 2152 1998 commemorationis

434 2037 456 2060 a
482 2027 617 2060 nuntio
644 2026 801 2061 nomine
827 2025 1048 2059 indicantur
1074 2023 1137 2069 (cf.
1165 2034 1241 2058 vss.
1269 2026 1350 2067 364,
1378 2033 1457 2065 410,
1485 2033 1564 2067 445,
1592 2032 1673 2067 475,
1701 2025 1778 2067 556,
1805 2024 1901 2065 619).

483 2085 693 2131 Quomodo
732 2084 841 2120 locus
880 2085 930 2119 sit
969 2083 1235 2129 corrigendus,
1276 2082 1368 2117 mihi
1405 2093 1482 2117 non
1513 2083 1646 2128 liquet,
1673 2083 1792 2117 verba
1818 2087 1947 2117 tamen
1974 2092 2074 2128 quae
2101 2081 2151 2117 ad

435 2145 561 2189 ipsum
589 2145 647 2179 ius
674 2145 877 2179 iurandum
905 2144 1102 2189 pertinent
1126 2142 1412 2187 Parthenopaei
1439 2153 1516 2177 non
1543 2147 1632 2177 sunt
1657 2143 1834 2177 obscura.

486 2203 518 2249 1)
545 2203 593 2239 cf.
624 2205 786 2239 huiusce
812 2204 944 2250 operis
970 2215 1007 2249 p.
1035 2212 1090 2248 25.

485 2264 520 2308 2)
546 2274 623 2299 non
650 2269 767 2310 negat
794 2263 983 2298 Hirzel
1011 2274 1047 2308 p.
1075 2272 1130 2306 33,
1158 2272 1189 2296 2.

483 2322 518 2369 3)
546 2323 592 2359 cs.
620 2323 667 2359 O.
693 2323 736 2360 R.
765 2327 833 2366 830
859 2320 882 2355 ὦ
907 2326 986 2355 θεῶν
1011 2323 1108 2364 οὶγνόν
1134 2319 1235 2361 σέβας
1262 2326 1301 2355 et
1329 2320 1630 2356 Ell.-Genth.
1670 2321 1773 2356 Lex
1810 2321 2040 2366 Sophocl.
2066 2322 2089 2357 i.
2116 2332 2151 2356 v.

433 2381 535 2423 σέβας
562 2383 628 2429 qui
652 2383 746 2418 alios
773 2383 965 2418 eiusmodi
993 2383 1102 2417 locos
1118 2380 1240 2416 assert.
1267 2380 1463 2416 Passow
1489 2381 1511 2416 i.
1538 2392 1572 2415 v.
1598 2379 1718 2421 σέβαςε
1745 2406 1873 2417 ,,,,,,
1901 2380 2153 2426 Gegenstand

435 2443 505 2478 der
543 2443 734 2478 frommen
770 2443 868 2478 oder
905 2442 1075 2488 heiligen
1114 2440 1244 2476 Scheu
1281 2440 1378 2474 oder
1417 2440 1487 2475 der
1512 2441 1742 2487 Verehrung
1769 2465 1919 2477 .....
1946 2439 2068 2475 daher
2093 2438 2152 2475 oft

435 2503 490 2538 als
528 2502 740 2548 titelartige
767 2501 1089 2547 Umschreibung,
1116 2498 1339 2545 Heiligkeit,
1367 2499 1558 2547 MaJestat‚
1584 2504 1663 2532 θεῶν
1689 2500 1878 2535 Aesch.
1904 2498 2033 2545 Suppl.
2059 2507 2151 2544 7555

436 2562 461 2597 S
477 2573 540 2607 op
556 2562 593 2596 h.
623 2561 665 2597 O.
691 2562 740 2597 R.
767 2564 860 2605 830;
888 2562 1002 2596 Eur.
1033 2560 1131 2605 Cycl.
1159 2565 1238 2607 580.
1266 2559 1366 2607 (Διός,
1390 2563 1538 2600 Πειθοῦς,
1565 2561 1692 2603 *Ηλίου,
1719 2560 1843 2599 Δίκης).

483 2631 519 2662 4)
546 2621 592 2656 cf.
620 2621 703 2657 Od.
731 2621 870 2662 XXIII,
899 2631 991 2664 7203
1020 2622 1061 2663 ΙΙ,
1088 2633 1179 2666 4o9;
1208 2623 1313 2665 XXI,
1343 2625 1422 2668 356.
1449 2621 1655 2656 Praeterea
1680 2621 1746 2661 βίη,
1773 2618 1883 2655 σθένος
1910 2625 1983 2654 etc.

484 2685 520 2726 5)
562 2681 610 2716 cf.
650 2681 799 2717 Ell—G.
839 2681 960 2716 Lex.
1001 2681 1155 2727 Soph.
1196 2684 1217 2718 i.
1244 2695 1278 2717 v.
1316 2682 1488 2723 Ὄλυμπος
1528 2686 1567 2715 et
1607 2680 1651 2716 0.
1677 2680 1724 2715 R.
1753 2682 1844 2722 867;
1881 2678 1924 2714 0.
1954 2678 1994 2714 C.
2026 2680 2126 2723 1655.

436 2742 690 2777 Roscher.
730 2752 764 2776 o.
805 2742 825 2776 l.
865 2742 885 2775 i.
926 2753 960 2776 v.
1002 2742 1268 2788 Olympos.
1308 2742 1501 2786 co1853:
1543 2740 1689 2783 „Wenn
1729 2740 1790 2774 bei
1828 2737 2150 2784 Aeschylus,

434 2800 635 2834 Pindar
677 2810 710 2834 u.
739 2810 771 2834 a.
808 2798 982 2840 Ὄλυμπος
1022 2800 1073 2834 im
1113 2800 1230 2835 Sinne
1270 2811 1347 2836 von
1374 2799 1498 2840 οὐρανός
1525 2798 1759 2833 verstanden
1787 2797 1944 2832 werden
1969 2798 2078 2839 kann,
2105 2807 2151 2832 so

435 2870 536 2894 muss
574 2869 616 2893 er
654 2869 702 2893 an
740 2859 894 2905 einigen
920 2859 1063 2894 Stellen
1091 2860 1160 2894 des
1187 2860 1212 2894 S
1228 2860 1368 2905 opho
1384 2869 1405 2894 c
1424 2859 1501 2893 les
1529 2869 1573 2892 so
1600 2856 1834 2892 verstanden
1861 2856 2028 2891 werden.
2057 2857 2150 2892 Dies

436 2919 528 2965 gielt
565 2929 641 2953 von
682 2918 725 2955 0.
755 2918 794 2954 C.
842 2921 928 2963 1654
967 2930 1053 2965 sqq.
1083 2947 1090 2954 .
1119 2947 1125 2954 .
1190 2932 1222 2962 .;
1262 2912 1340 2954 und
1379 2919 1554 2963 Antig.
1591 2919 1659 2961 758
1685 2917 1796 2951 weist
1821 2916 1953 2951 Kreon
1980 2916 2048 2951 mit
2074 2917 2150 2952 den

436 2978 598 3013 Worten
635 2976 722 3010 τόνδ’
758 2977 932 3019 Ὄλυμπον
970 2978 1039 3013 auf
1069 2979 1144 3014 den
1171 2979 1339 3014 Himmel
1362 2978 1426 3013 hin
1453 3005 1459 3012 .
1495 3004 1501 3012 .
1529 3004 1536 3012 .
1564 3004 1571 3014 .
1598 2976 1677 3011 und
1703 2987 1748 3011 so
1774 2975 1867 3021 liegt
1893 2986 1935 3010 es
1961 2976 2060 3011 nahe
2086 2976 2150 3011 die

437 3038 582 3073 andern
609 3037 776 3073 Stellen:
805 3038 883 3073 Aut
921 3041 993 3082 609
1019 3039 1097 3073 und
1124 3038 1170 3074 O.
1198 3039 1242 3074 R.
1272 3039 1360 3082 1087
1388 3038 1534 3072 ebenso
1561 3036 1816 3071 aufzufassen.

484 3102 523 3133 et
562 3097 633 3132 col.
672 3100 762 3141 8571
804 3098 993 3142 „Endlich
1036 3099 1268 3134 bezeichnet
1305 3099 1375 3133 der
1413 3097 1555 3143 Olymp
1581 3096 1643 3131 die
1672 3096 1813 3132 Gotter
1838 3096 1958 3132 selbst
2010 3124 2018 3133 .
2044 3124 2053 3132 .
2116 3095 2148 3131 .''

436 3167 536 3202 quae
563 3158 829 3200 commutatio,
857 3169 1093 3204 quamquam
1120 3159 1224 3204 apud
1251 3158 1490 3203 posteriores
1519 3157 1747 3202 plerumque
1773 3156 1977 3200 invenitur,
1991 3158 2147 3192 minime

437 3218 534 3252 mira
559 3223 689 3253 tamen
715 3218 869 3253 videtur
894 3218 958 3259 (cf.
988 3218 1208 3264 Gruppe
1235 3229 1271 3253 ο.
1298 3218 1319 3254 l.
1346 3218 1498 3253 Handb.
1526 3218 1563 3253 d.
1589 3218 1647 3253 Kl.
1674 3218 1748 3253 Alt.
1777 3217 1821 3259 V,
1849 3228 1867 3252 2
1895 3228 1932 3262 p.
1959 3219 2053 3260 384).
