2392 3750
1195 318 1250 358 62

366 449 678 490 asseverandas
710 449 837 499 datis,
870 448 973 502 quin
1006 448 1153 489 omnia
1183 460 1344 504 genera
1375 448 1479 489 iuris
1510 448 1693 498 iurandi,
1725 448 1842 501 apud
1874 461 1950 489 eos
1967 460 2081 502 quae

368 526 781 568 commemorantur,
815 532 1070 560 enumerare
1104 520 1281 575 longum
1314 525 1395 560 est.

429 592 521 633 Nec
578 592 734 632 mirum
783 591 849 632 ius
897 590 1125 631 iurandum
1174 591 1215 630 in
1264 591 1371 631 urbe
1417 589 1754 631 Atheniensium
1802 598 1892 631 tam
1948 603 2079 643 saepe

369 664 565 716 usurpari
607 662 804 715 tantique
836 661 1000 711 haberi,
1035 662 1197 715 quippe
1231 661 1354 702 cuius
1387 661 1586 702 instituta
1618 662 1764 702 multis
1796 675 1853 702 ex
1885 661 2082 714 partibus

369 735 576 790 religione
623 733 878 774 niterentur.
928 732 974 773 In
1020 745 1176 773 omnes
1217 733 1405 774 civitatis
1445 739 1592 785 partes
1623 733 1731 774 haec
1763 739 2081 786 penetraverat.

371 806 512 857 ‚‚Tief,
542 807 633 846 iure
662 806 867 845 observat
896 803 1116 859 Augustin
1134 801 1177 856 ¹),
1220 811 1371 859 ragten
1407 805 1478 846 die
1510 804 1883 846 herkommlichen
1917 804 2084 859 religio—

370 891 447 919 sen
480 877 827 930 Einrichtungen
861 876 904 916 in
937 875 1018 916 alle
1051 876 1309 916 staatlichen
1343 877 1431 917 und
1458 875 1765 931 biirgerlichen
1783 875 2084 916 Verhaltnisse

371 950 545 990 hinein''
579 954 622 988 et
655 947 784 1000 paulo
817 954 942 1000 post:
986 947 1089 994 „Die
1122 947 1342 988 sittlichen
1376 947 1603 988 Momente
1629 948 1706 988 der
1724 946 1923 1001 Religion
1941 959 2085 989 waren

371 1022 515 1061 neben
563 1020 648 1060 den
697 1019 964 1060 rechtlichen
1011 1018 1202 1059 Formen
1251 1017 1458 1068 (Platonis
1506 1033 1568 1060 sc.
1602 1026 1760 1071 aetate,
1794 1019 1849 1060 de
1881 1031 1966 1068 qua
1997 1019 2086 1073 agit

372 1091 610 1146 Augustin)
659 1091 814 1131 immer
860 1090 976 1131 noch
1018 1090 1086 1131 fiir
1128 1091 1214 1132 den
1245 1090 1370 1132 Staat
1403 1090 1472 1132 ein
1507 1091 1805 1132 erwiinschtes
1837 1090 1979 1131 Mittel
2011 1102 2086 1131 um

372 1162 637 1203 namentlich
669 1161 807 1202 durch
839 1162 909 1202 die
942 1161 1120 1211 Furcht,
1154 1174 1232 1202 aus
1264 1161 1428 1202 welche
1460 1162 1523 1202 sie
1555 1162 1713 1203 hervor
1739 1174 1980 1217 gegangen,
2001 1162 2087 1202 den

372 1231 674 1286 biirgerlichen
706 1230 958 1286 Satzungen
990 1232 1079 1272 und
1098 1230 1488 1286 Vereinbarungen
1506 1230 1715 1273 Ansehen
1733 1231 1822 1272 und
1841 1229 2086 1272 Gehorsam

373 1318 424 1345 zu
455 1303 654 1344 sichern”
680 1301 729 1358 2).

433 1375 584 1428 Itaque
630 1388 712 1415 nec
757 1374 947 1429 tragicos
996 1374 1119 1415 aliter
1165 1387 1347 1416 censere
1394 1374 1627 1415 verisimile
1676 1381 1758 1426 est,
1790 1375 1910 1428 quod
1943 1380 2088 1415 utrum

373 1453 582 1500 appareat
615 1460 671 1486 ex
704 1459 856 1486 eorum
889 1445 1096 1498 operibus
1130 1446 1456 1500 investigemus.

434 1517 490 1558 In
540 1517 755 1559 fabulis
797 1516 1152 1570 Aeschyleis
1196 1517 1280 1557 iam
1313 1523 1415 1557 ante
1447 1517 1634 1558 vidimus
1667 1523 1838 1570 septem
1871 1517 2088 1570 principes

375 1590 531 1630 foedus
573 1602 701 1630 suum
744 1589 835 1629 iure
878 1589 1060 1629 iurando
1103 1589 1303 1629 sanxisse
1321 1585 1367 1641 3).
1409 1587 1543 1641 Apud
1575 1588 1842 1642 Sophoclem
1874 1589 1930 1630 de
1962 1587 2091 1630 simili

375 1675 420 1702 re
469 1674 614 1702 sermo
649 1666 717 1700 est
747 1659 929 1700 Philoct.
964 1669 1018 1712 72
1052 1673 1163 1713 sqq„
1206 1661 1281 1701 ubi
1312 1660 1463 1702 Ulixes
1496 1667 1638 1700 narrat
1673 1660 1893 1713 principes
1926 1660 2091 1701 iuratos

375 1733 593 1786 pollicitos
624 1746 722 1773 esse
754 1738 856 1772 ante
889 1731 1038 1772 initam
1071 1732 1402 1784 expeditionem
1426 1732 1557 1773 alium
1574 1732 1643 1772 alii
1661 1732 1869 1773 auxilium
1887 1731 2088 1773 laturum.

375 1805 547 1846 Eodem
590 1805 724 1845 modo
755 1817 803 1844 se
836 1803 1030 1858 obligant
1062 1802 1171 1844 Eur.
1202 1803 1364 1844 Phoen.
1406 1814 1516 1854 1240
1546 1803 1775 1856 Polynices
1809 1810 1853 1844 et
1885 1802 2091 1844 Eteocles

378 1877 601 1930 ceterique
633 1877 791 1917 duces:
841 1872 973 1925 ὅρκους
1003 1876 1184 1925 συνῆψαν
1219 1873 1403 1924 ἐμμενεῖν
1434 1872 1731 1926 στρατηλάται,

838 1944 908 1986 ἐπί
937 1944 1067 1987 τοῖσδε
1097 1944 1379 1987 δ’ἐσπείσαντο
1413 1978 1601 1988 .....

438 2020 508 2061 Ius
550 2019 780 2061 iurandum
822 2018 952 2073 igitur
994 2018 1190 2060 adhiberi
1231 2025 1414 2072 apparet
1446 2032 1546 2060 cum
1580 2019 1770 2060 foederis
1803 2017 2091 2060 confirmandi

379 2105 522 2143 causa,
556 2097 648 2132 tum
681 2091 737 2131 ad
769 2090 1026 2131 statuendas
1057 2097 1159 2131 ante
1191 2090 1343 2131 initam
1376 2104 1566 2146 pugnam
1600 2090 1897 2131 condiciones.

440 2164 509 2206 Ius
551 2163 780 2204 iurandum
823 2161 892 2202 vel
935 2162 991 2202 ad
1022 2162 1202 2210 iudices,
1235 2162 1303 2202 vel
1334 2163 1389 2202 ab
1421 2162 1542 2203 hisce
1574 2162 1726 2202 datum
1758 2160 1953 2214 pluribus
1985 2161 2093 2202 locis

379 2237 497 2289 apud
544 2235 734 2289 tragicos
782 2247 960 2287 quoque
1011 2240 1395 2284 commemoratur,
1445 2234 1557 2274 inter
1604 2247 1716 2287 quos
1755 2233 1983 2274 notatione
2025 2237 2093 2273 est

380 2307 660 2362 dignissimus
701 2305 921 2347 Aesch.
964 2305 1093 2346 Eum.
1144 2315 1244 2355 432,
1290 2306 1363 2346 ubi
1401 2303 1500 2344 ἀλλ’
1543 2301 1647 2355 ὅρκον
1696 2303 1737 2344 οὐ
1765 2301 1920 2352 δέξαιτ’
1954 2300 2019 2349 ἄν,
2050 2301 2092 2343 οὐ

380 2378 511 2420 δοῦναι
544 2375 658 2418 θέλοι
678 2374 723 2430 1¹),
757 2377 958 2430 inquiunt
989 2377 1160 2417 Furiae.

441 2451 536 2492 Dea
582 2457 730 2490 tamen
777 2461 866 2489 non
909 2448 1011 2488 sinit
1054 2447 1262 2489 Orestem
1306 2448 1446 2489 iurare
1490 2449 1672 2501 ipsaque
1704 2447 1809 2489 dicit
1841 2461 1927 2501 qua
1958 2447 2014 2488 de
2046 2460 2093 2488 re

383 2536 446 2564 vs.
478 2531 589 2575 435:
623 2518 745 2571 ὅρκοις
778 2517 834 2560 τὰ
866 2517 940 2569 μὲν
971 2517 1112 2560 δίκαια
1144 2517 1202 2569 μή
1236 2520 1342 2559 νικᾶν
1375 2518 1481 2568 λέγω
1502 2551 1510 2560 .
1530 2551 1538 2560 .
1562 2552 1568 2559 .
1592 2552 1600 2559 .
1620 2519 1643 2559 i.
1679 2534 1715 2560 e.
1750 2526 1798 2560 ut
1830 2519 1921 2559 iure
1953 2518 2094 2572 inquit

437 2712 469 2758 ι)
494 2722 526 2747 o.
554 2712 575 2747 l.
602 2723 638 2758 p.
665 2714 697 2754 8,
723 2723 758 2748 v.
783 2711 868 2747 Wil.
896 2711 1011 2746 Arist.
1040 2722 1074 2746 u.
1102 2711 1191 2751 Ath,
1218 2710 1250 2745 11
1276 2721 1310 2756 p.
1338 2711 1394 2752 48.

434 2782 470 2815 2)
491 2772 672 2818 Magnum
710 2772 783 2807 hac
822 2773 860 2806 in
898 2782 938 2806 re
978 2772 1141 2806 interest
1177 2771 1277 2805 inter
1313 2780 1394 2804 rem
1434 2769 1628 2814 publicam
1656 2768 1949 2802 Atheniensium
1976 2771 2093 2813 atque

386 2832 647 2867 Romanorum
676 2831 725 2868 cf.
752 2843 786 2868 v.
813 2831 976 2877 lhering,
1003 2830 1115 2866 Geist
1141 2830 1211 2864 des
1239 2832 1334 2863 rom.
1349 2828 1508 2869 Rechts,
1535 2827 1583 2872 15}
1599 2838 1638 2861 21
1659 2838 1722 2872 pp.
1739 2837 1817 2870 343.
1833 2826 1970 2871 44‚§8‚
1985 2837 2021 2871 p.
2035 2837 2093 2869 99.

435 2891 470 2935 3)
496 2891 546 2928 cf.
571 2891 678 2936 Sept.
704 2891 790 2926 adv.
819 2891 941 2925 Theb.
970 2900 1013 2929 4²
1041 2901 1128 2935 sqq.

436 2953 471 2992 4)
497 2950 606 2996 Lego
641 2949 779 2982 θέλοι
817 2961 905 2985 cum
945 2949 1063 2992 Blass,
1104 2949 1170 2994 qui
1207 2949 1288 2983 iure
1317 2948 1353 2983 h.
1367 2947 1388 2982 l.
1411 2948 1614 2982 observat:
1642 2947 1758 2988 „dasz
1783 2947 1846 2980 die
1872 2945 2094 2980 Thatsache

388 3010 490 3045 doch
515 3010 618 3044 noch
643 3010 752 3044 nicht
778 3009 985 3044 constatirt
1011 3009 1094 3043 sein
1120 3007 1259 3044 kann.''
1286 3007 1334 3043 cf.
1362 3007 1479 3041 Blass.
1506 3006 1578 3041 Die
1606 3006 1847 3040 Eumeniden
1874 3016 1910 3050 p.
1939 3016 2015 3039 122.

437 3068 554 3115 Quod
591 3069 640 3103 ad
680 3069 807 3114 ipsum
845 3069 903 3103 ius
940 3067 1143 3102 iurandum
1183 3067 1352 3112 pertinet
1390 3065 1436 3100 cf.
1464 3065 1570 3100 Blass
1609 3077 1645 3101 o.
1672 3065 1691 3100 l.
1720 3076 1783 3110 pp.
1815 3076 1876 3099 121
1906 3075 2002 3110 sqq:
2030 3064 2095 3108 „In

389 3129 478 3164 dem
517 3127 682 3163 altesten
718 3127 1085 3168 Rechtsverfahren,
1124 3126 1292 3161 welches
1325 3126 1388 3160 die
1424 3125 1666 3160 Eumeniden
1693 3124 1803 3159 allein
1829 3125 1994 3164 kennen,
2020 3124 2094 3170 gab

390 3198 432 3222 es
470 3188 560 3222 kein
593 3187 758 3222 anderes
784 3187 1059 3222 Beweismittel
1084 3185 1139 3221 als
1166 3185 1241 3221 den
1267 3185 1342 3220 Eid
1367 3184 1438 3220 der
1464 3184 1642 3219 Parteien
1667 3183 1795 3226 (affert
1821 3182 2011 3228 exempla,
2039 3183 2095 3218 in·

390 3253 450 3283 ter
475 3257 575 3293 quae
601 3246 745 3282 Platon.
773 3246 892 3293 Legg.
917 3246 999 3288 XII,
1024 3247 1104 3289 948.
1131 3245 1198 3287 R).

2389 309 2392 316 .
2385 267 2392 298 ,am
2374 0 2392 255 am—-x-uffl‘
