2392 3750
1233 289 1293 330 94

405 409 646 464 Oedipodis
679 417 723 452 et
750 410 911 452 Thesei
939 410 1181 466 generatim
1216 409 1400 452 derivari
1433 410 1598 464 possit:
1633 410 1918 465 „Jemandem
1936 411 2022 453 den
2038 410 2122 454 Eid

404 483 655 535 zumuthen‚
680 482 796 523 hiess
813 482 886 523 ihn
903 481 1195 537 beleidigen‚’'
1213 481 1314 523 licet
1332 482 1519 523 fortasse
1538 482 1758 524 interdum
1777 495 1927 524 verum
1945 483 2017 535 sit,
2035 495 2125 524 non

405 554 623 607 intellego.
657 553 773 594 Nihil
806 554 921 594 enim
956 566 1049 600 rex,
1083 552 1186 594 exul
1219 552 1291 594 ubi
1311 553 1447 595 dixit:
1481 553 1727 608 offirmo-'³3:33’
1755 550 1865 604 ὅρκου
1880 553 1990 602 γ’ὦς
2005 551 2125 595 κακὸν

405 622 673 674 mci-(Aemate
707 624 960 677 respondet,
995 624 1078 665 nisi
1101 624 1233 665 haec:
1266 625 1398 665 οὔκουν
1422 622 1525 674 πέρα
1547 626 1590 674 γ’
1610 621 1660 664 ἄν
1690 623 1797 665 οὐδὲν
1814 623 1835 671 ἢ
1853 622 1962 676 λόγῳ
1980 622 2126 676 Φέροις,

405 710 518 750 quae
562 697 695 737 verba
738 696 906 748 optime
949 695 1166 749 quadrant
1210 695 1252 736 in
1287 709 1350 746 ea,
1383 709 1496 750 quae
1531 709 1682 737 secum
1715 697 1986 750 reputavisse
2017 703 2127 750 puto

407 767 699 820 Oedipodem.
735 766 834 808 Non
885 768 1001 808 enim
1036 766 1164 808 huius
1197 767 1239 808 in
1272 767 1419 809 animo
1445 768 1579 809 fuisse
1597 768 1699 809 mihi
1719 769 1904 818 videtur,
1922 781 2055 822 quem
2071 769 2128 810 ad

407 839 588 880 modum
637 839 805 892 opinari
854 839 1025 880 videtur
1066 837 1234 879 Hirzel:
1281 836 1355 890 „Si
1397 839 1486 880 fide
1519 845 1586 880 est
1618 839 1789 895 dignuS‚
1822 840 1914 882 iure
1946 839 2129 882 iurando

407 924 494 951 non
527 916 595 951 est
627 923 752 963 opus,
799 910 834 951 si
867 910 954 951 fide
987 923 1076 951 non
1109 916 1177 951 est
1194 910 1366 965 dignus,
1400 923 1545 965 neque
1573 911 1886 952 iusiurandum
1905 911 2130 964 prodest.”

407 983 509 1022 sed:
559 981 660 1032 „Ius
709 982 938 1023 iurandum
987 983 1023 1022 si
1070 982 1215 1036 adigO,
1259 983 1422 1024 certius
1464 983 1659 1023 veritatis
1691 984 1993 1024 testimonium
2025 994 2130 1023 sane

408 1054 634 1107 accipiam,
669 1054 747 1095 sed
780 1053 935 1095 ultimo
968 1053 1052 1094 hoc
1070 1054 1279 1106 remedio,
1313 1051 1437 1100 κακός
1459 1054 1561 1108 quia
1578 1067 1666 1095 non
1685 1061 1765 1107 est,
1784 1067 1872 1095 non
1890 1060 1958 1095 est
1974 1053 2130 1108 opus.”

409 1125 455 1166 In
498 1126 590 1166 viro
633 1125 836 1178 improbo
870 1125 1012 1166 solum
1046 1125 1132 1166 hoc
1165 1124 1296 1178 valet,
1328 1125 1493 1167 Thesei
1525 1126 1630 1167 satis
1663 1127 1768 1167 dant
1800 1126 2029 1179 promissa.
2061 1122 2131 1166 Nil

410 1197 567 1238 mirum
606 1210 695 1238 non
738 1196 890 1237 leviter
933 1197 1074 1238 iurare
1115 1197 1244 1250 hunc,
1289 1198 1393 1251 quin
1426 1203 1516 1238 tam
1549 1197 1680 1252 longe
1712 1198 1850 1247 abest,
1885 1203 1932 1239 ut
1963 1197 2133 1238 minore

409 1282 491 1310 usu
523 1268 603 1309 iuri
634 1268 818 1309 iurando
853 1269 1142 1319 obtrectetur‚
1175 1274 1224 1310 ut
1257 1275 1411 1310 contra
1442 1269 1681 1310 auctoritas
1714 1271 1807 1310 eius
1830 1269 1889 1310 ita
1906 1275 2132 1324 augeatur.

409 1340 549 1381 Recte
597 1340 726 1381 Dem.
774 1351 845 1391 44,
897 1349 953 1391 39
1000 1340 1326 1395 coniunguntur
1373 1340 1464 1393 ῥᾷον
1511 1337 1678 1390 ὀμνύναι
1725 1340 1955 1391 κάπιορκεῖν
2001 1341 2134 1395 inque

410 1413 609 1452 oratione
654 1413 852 1453 eiusdem
896 1412 1098 1462 oratoris,
1141 1412 1353 1453 adversus
1396 1411 1626 1454 Cononem
1659 1413 1820 1463 habita,
1855 1413 1947 1454 iure
1976 1413 2136 1454 dicitur

412 1485 575 1524 maiore
621 1484 707 1525 fide
751 1484 908 1539 dignus
941 1497 1040 1524 esse
1073 1484 1122 1530 is,
1156 1484 1230 1537 qui
1263 1485 1353 1524 sive
1386 1497 1474 1525 non
1507 1485 1633 1536 iuret,
1666 1485 1758 1525 sive
1790 1485 1930 1525 iurare
1963 1483 2136 1526 dubitet

411 1569 543 1609 quam
592 1556 642 1609 is,
691 1556 765 1609 qui
814 1568 990 1608 semper
1033 1561 1211 1608 paratus
1257 1555 1313 1595 sit
1355 1556 1495 1596 iurare
1515 1553 1560 1612 ¹).
1606 1555 1694 1597 Iam
1727 1569 1785 1596 ex
1818 1570 1885 1609 eo,
1918 1555 2039 1609 quod
2069 1555 2136 1596 ius

412 1628 642 1668 iurandum
676 1633 743 1668 est
774 1640 997 1669 summurn
1029 1626 1331 1668 testimonium
1365 1628 1563 1681 sequitur
1584 1633 1632 1668 ut
1660 1640 1747 1668 non
1773 1627 1901 1668 nimis
1927 1626 2137 1668 adhiben-

412 1699 518 1740 dum
551 1699 620 1751 sit,
654 1698 794 1740 multo
827 1699 970 1739 minus
1002 1704 1152 1739 tamen
1169 1699 1271 1752 quia
1288 1700 1403 1739 actio
1420 1705 1573 1740 sancta
1591 1706 1671 1749 est,
1690 1699 1957 1740 contestatio
1973 1698 2138 1752 quippe

413 1769 497 1811 Dei
514 1768 563 1825 2).
609 1770 990 1813 Considerandum
1033 1777 1101 1811 est
1143 1784 1321 1824 quoque
1353 1777 1555 1824 tempore
1588 1776 1735 1812 utrum
1770 1784 1902 1812 causa
1934 1771 1991 1812 sit
2024 1770 2138 1811 iusta

414 1843 469 1883 ad
502 1844 569 1884 ius
601 1843 833 1884 iurandum
866 1843 1135 1898 exigendum
1168 1856 1222 1883 an
1255 1855 1344 1884 non
1377 1843 1450 1893 (cf.
1482 1843 1599 1884 Med.
1635 1841 1751 1899 727).

475 1915 635 1970 Negari
676 1922 824 1956 tamen
867 1927 956 1955 non
998 1921 1147 1967 potest
1191 1915 1309 1967 apud
1341 1916 1532 1970 tragicos
1565 1928 1743 1968 quoque
1775 1927 1999 1967 apparere,
2032 1926 2140 1967 pau·

415 1987 536 2028 latim
584 1987 688 2028 iuris
736 1987 906 2028 iurandi
953 1986 1261 2027 auctoritatem
1308 1987 1580 2027 decrescere.
1628 1986 1890 2042 Rogandum
1928 1992 1997 2027 est
2027 1998 2141 2040 quae

416 2059 542 2100 huius
575 2058 889 2100 deminutionis
923 2064 1042 2098 esset
1074 2057 1236 2098 causa?
1268 2057 1414 2099 Hirzel
1446 2071 1488 2111 p.
1509 2060 1562 2111 87
1581 2071 1621 2099 o.
1641 2058 1690 2098 l.:
1730 2057 1892 2113 „Fragt
1910 2070 2010 2099 men
2027 2057 2140 2098 nach

417 2131 504 2172 den
552 2130 822 2181 Ursachen,'’
873 2130 1102 2171 contendit
1150 2130 1282 2180 „dass
1323 2130 1394 2171 bei
1427 2130 1506 2171 der
1536 2128 1866 2184 Eidesleistung
1898 2129 1975 2170 der
2007 2128 2142 2175 Ernst

418 2203 496 2244 auf
522 2201 643 2244 Seite
676 2202 755 2243 des
787 2201 1116 2244 Schworenden
1149 2202 1239 2242 und
1271 2202 1349 2242 auf
1377 2201 1455 2242 der
1488 2202 1566 2242 des
1598 2201 1837 2242 Horenden
1869 2201 1948 2241 der
1971 2199 2142 2242 Glaube

419 2274 575 2315 immer
616 2273 818 2329 geringer
859 2273 1022 2326 wurde,
1055 2285 1103 2313 so
1136 2273 1198 2312 ist
1226 2285 1316 2312 nur
1346 2271 1441 2313 eine
1471 2271 1618 2313 davon
1651 2270 1735 2312 das
1766 2269 2032 2314 Schwinden
2065 2269 2143 2312 des

423 2343 800 2398 Gb'tterglaubens.
840 2343 952 2385 Man
995 2343 1112 2398 darf
1147 2344 1240 2385 sich
1282 2344 1413 2385 deren
1458 2342 1722 2396 Bedeutung
1758 2343 1879 2384 nicht
1917 2356 1976 2384 zu
2002 2354 2143 2396 grosz

420 2417 692 2464 vorstellen,’¹
753 2423 797 2458 et
860 2417 993 2469 paulo
1054 2423 1179 2469 post:
1246 2416 1487 2465 „Vollends
1549 2417 1620 2457 die
1682 2415 1954 2456 zahlreichen
2017 2414 2142 2467 Eide,

422 2490 492 2530 die
536 2489 652 2530 ohne
694 2487 928 2543 Anrufung
972 2488 1050 2529 der
1093 2487 1252 2529 Gotter
1294 2501 1346 2529 zu
1388 2488 1545 2528 stande
1578 2487 1752 2536 kamen,
1785 2487 1965 2528 wurden
1995 2489 2143 2528 natiir-

422 2560 557 2602 licher
599 2560 750 2601 Weise
782 2559 894 2601 auch
928 2560 1065 2601 durch
1098 2560 1178 2601 das
1209 2558 1473 2601 Schwinden
1509 2559 1587 2600 des
1620 2558 1992 2614 Gotterglaubens
2023 2557 2144 2599 nicht

423 2633 652 2674 beriihrt.''

483 2702 599 2745 Sane
632 2703 776 2744 Hirzel
810 2704 892 2744 sibi
927 2709 1113 2753 constat,
1149 2703 1228 2744 sed
1261 2716 1318 2743 ex
1351 2703 1416 2755 iis,
1449 2715 1561 2756 quae
1595 2702 1649 2743 de
1682 2709 1838 2743 natura
1855 2702 1958 2743 iuris
1975 2700 2144 2743 iurandi

425 2776 569 2829 deque
587 2776 876 2816 fundamento
893 2775 986 2816 eius
1003 2787 1134 2827 supra
1151 2774 1348 2822 disserui,
1364 2774 1513 2827 liquet,
1528 2774 1671 2814 minus
1689 2779 1808 2814 recte
1824 2786 1926 2814 eum
1938 2773 2143 2814 iudicare.

425 2846 584 2897 Primo,
629 2852 676 2888 ut
718 2860 743 2887 a
786 2846 1022 2899 postremis
1065 2845 1210 2887 verbis
1250 2845 1532 2898 incipiamus:
1575 2844 1835 2895 Iuramenta,
1869 2845 2027 2897 quibus
2056 2856 2145 2885 non

427 2918 540 2959 inest
582 2931 726 2972 neque
767 2917 1028 2959 subauditur
1070 2918 1253 2958 deorum
1302 2915 1586 2967 contestatio,
1637 2929 1740 2958 vera
1782 2916 2025 2957 iuramenta
2056 2928 2146 2957 non

482 3147 514 3194 1)
540 3148 591 3183 cf.
615 3148 637 3193 ξ
662 3160 719 3191 40.

483 3207 518 3252 2)
544 3207 593 3242 cf.
621 3207 726 3243 Calv.
753 3208 874 3243 Instit.
902 3207 945 3249 11,
972 3217 1029 3251 27.

1293 3746 1535 3750 .-.„——--„..,-.
1551 3746 1560 3749 ..
1585 3744 1666 3750 *..-
1690 3744 1709 3747 -Α
1779 3744 1813 3746 2—
1831 3743 1911 3747 πή-
1930 3743 2023 3750 «μήκη-ω.
