2392 3750
1139 311 1188 356 55

363 437 556 479 Primum
604 450 630 478 a
674 434 881 477 Hierocle
922 433 1265 488 Neo-platonico
1290 432 1334 489 ¹),
1383 434 1503 488 quod
1534 434 1737 485 sciamus,
1786 434 1875 475 duo
1906 432 2014 474 haec

302 522 463 564 genera
490 508 593 550 iuris
620 508 789 549 iurandi
821 507 1142 558 discernuntur,
1174 507 1250 560 qui
1280 504 1325 546 τὸ
1357 503 1439 556 γὰρ
1472 502 1723 555 ἀμφίβολον,
1755 505 1909 558 inquit,
1943 508 2014 551 τῆς

303 577 554 630 ἀνθρωπίνης
597 576 853 629 προαιρέσεως
894 575 950 623 εἷς
994 574 1252 626 βεβαιότητα
1283 573 1602 628 μεταῤῥυὲμιζει
1635 574 1712 631 (sc.
1747 575 1764 616 ὁ
1791 572 1915 629 ὅρκος)
1946 573 2013 615 καὶ

303 649 432 700 μένειν
474 649 539 690 ἐπὶ
573 653 645 697 τῆς
670 647 917 695 ταύτότητος
948 645 1174 699 ἀναγκάζει
1207 647 1245 688 ἒν
1275 662 1321 688 τε
1351 645 1484 697 λόγοις
1514 645 1584 688 καὶ
1618 644 1761 698 ἔργοις,
1791 648 1908 688 τοῦτο
1941 646 2015 696 μὲν

302 720 576 772 γεγενημένων
623 720 668 762 τὸ
714 719 847 772 σαφὲς
873 718 1073 775 ἐπιφαίνων
1105 721 1222 760 τοῦτο
1254 718 1295 760 δὲ
1327 721 1402 760 τῶν
1436 717 1664 769 μελλόντων
1697 719 1939 768 γενήσεσθαι
1970 717 2015 759 τὸ

302 791 471 844 βέβαιον
504 794 701 835 ἀπαιτῶν.

361 865 573 907 Attamen
620 866 751 906 etiam
798 865 868 906 hic
916 877 984 905 res
1031 863 1153 916 ipsae
1185 864 1259 905 diu
1291 864 1378 905 iam
1409 864 1746 917 usurpabantur,
1779 867 2016 916 antequam

300 938 406 979 artis
438 938 684 990 praeceptis
715 937 1090 978 discernebantur.
1140 935 1384 989 Utrumque
1411 948 1549 990 genus
1577 935 1920 976 iuramentorum
1948 934 2017 975 vel

301 1015 404 1051 ante
436 1008 732 1061 Chrysippum
764 1007 1013 1061 complures
1030 1008 1148 1060 apud
1165 1007 1404 1060 scriptores
1422 1006 1594 1061 legitur,
1611 1018 1878 1060 quamquam
1898 1011 2016 1047 recte

303 1082 436 1123 docet
482 1080 626 1122 Hirzel
661 1076 698 1127 2)
746 1080 863 1133 apud
909 1080 1114 1133 antiquos
1162 1079 1366 1120 omnibus
1414 1079 1505 1120 fere
1552 1077 1660 1119 locis
1707 1077 1781 1118 ubi
1827 1077 1883 1119 de
1925 1078 2017 1118 iure

302 1153 485 1194 iurando
532 1158 600 1193 est
647 1165 807 1202 sermo,
841 1151 1187 1204 disputationem
1219 1151 1273 1191 ad
1306 1151 1372 1191 ius
1403 1149 1633 1191 iurandum
1666 1149 1886 1202 pertinere
1918 1161 2018 1201 pro-

303 1224 552 1266 missorium
584 1224 800 1279 longeque
833 1223 1017 1276 plurima
1049 1223 1294 1263 iuramenta
1324 1222 1452 1263 huius
1485 1235 1582 1262 esse
1614 1222 1801 1277 generis.

362 1295 573 1337 Nostrum
621 1302 689 1336 est
750 1295 981 1349 inquirere,
1030 1308 1143 1348 quae
1190 1294 1307 1346 apud
1351 1293 1543 1349 tragicos
1575 1305 1758 1348 magnos
1789 1293 2018 1346 utriusque

303 1369 475 1424 generis
506 1368 562 1408 sit
594 1367 719 1418 ratio,
751 1379 948 1422 genusne
982 1372 1216 1420 utrumque
1249 1365 1416 1421 legatur
1447 1378 1502 1406 an
1535 1378 1670 1406 unum
1701 1371 1887 1406 tantum.

366 1442 430 1480 De
477 1441 724 1490 Aeschylo.
758 1438 1019 1491 Iuramenta,
1052 1437 1313 1490 Aeschyleis
1345 1438 1389 1478 in
1421 1437 1621 1478 versibus
1653 1449 1767 1490 quae
1800 1435 2018 1491 leguntur,

303 1512 550 1554 accuratius
582 1513 618 1552 si
634 1512 936 1563 observamus,
956 1516 1138 1563 apparet
1157 1523 1296 1563 prope
1313 1509 1462 1550 omnia
1478 1508 1586 1550 haec
1606 1521 1704 1550 esse
1721 1508 2016 1562 promissoria.

364 1569 799 1624 Promissoria
846 1582 982 1623 iurr.
1053 1580 1169 1634 Sept,
1219 1579 1323 1622 adv.
1377 1578 1503 1621 Theb.
1549 1581 1609 1631 46
1654 1593 1750 1634 sqq.
1799 1580 2019 1633 principes

304 1656 469 1697 iurasse
511 1654 716 1695 dicuntur
746 1653 901 1695 urbem
935 1667 982 1694 se
1014 1653 1251 1702 deleturos,
1285 1665 1348 1692 vs.
1384 1652 1468 1703 516
1499 1652 1616 1693 idem
1649 1651 2018 1704 Parthenopaeus.

363 1723 448 1780 Ag.
503 1726 609 1775 1283
629 1722 664 1770 ³)
711 1724 958 1767 Cassandra
999 1725 1108 1765 deos
1141 1724 1435 1765 iuramentum
1468 1723 1644 1764 dedisse
1676 1723 1796 1774 dicit,
1830 1723 2019 1765 ultorem

303 1804 535 1839 venturum
569 1810 666 1838 esse
698 1796 1045 1851 Agamemnonis
1077 1802 1121 1836 et
1154 1791 1264 1843 ἄξειν
1297 1808 1352 1835 νιν
1383 1791 1606 1843 ὑπτίασμα
1638 1792 1818 1843 κειμένου
1851 1792 2020 1845 πατρός.

366 1866 546 1922 Choeph.
578 1869 680 1920 976.
715 1866 1036 1920 Clytaemestra
1068 1874 1112 1908 et
1144 1866 1412 1921 Aegistheus
1445 1872 1673 1908 narrantur
1708 1866 1801 1908 iure
1836 1866 2020 1908 iurando

304 1955 352 1982 se
413 1940 705 1982 obstrinxisse
767 1938 1149 1994 Agamemnonem
1211 1951 1369 1979 necare
1426 1950 1600 1992 unaque
1648 1944 1836 1979 mortem
1883 1939 2018 1980 obire.

305 2013 462 2055 Sermo
495 2012 625 2067 igitur
657 2018 723 2052 est
756 2011 811 2052 de
844 2011 1063 2063 promisso
1095 2011 1214 2052 dato.

365 2083 496 2126 Eum.
544 2083 632 2135 486
690 2095 836 2124 sermo
894 2088 963 2123 est
1009 2082 1064 2124 de
1112 2083 1204 2123 iure
1252 2082 1435 2123 iurando
1482 2081 1688 2131 iudicum,
1737 2081 1780 2122 in
1828 2081 2020 2123 ineundo

306 2169 487 2197 munere
519 2155 667 2196 dando
683 2152 731 2206 ⁴).
770 2153 842 2195 Ad
874 2154 990 2195 idem
1023 2155 1245 2207 pertinent
1276 2166 1363 2194 vss.
1395 2163 1481 2203 492
1502 2149 1549 2204 ⁵),
1581 2153 1682 2203 683,
1717 2160 1817 2204 713.

366 2225 494 2268 Eum.
545 2227 635 2275 624
680 2226 770 2267 veri
817 2225 956 2267 simile
1003 2231 1071 2266 est
1103 2225 1169 2266 ius
1201 2225 1432 2266 iurandum
1464 2225 1797 2277 promissorium
1830 2223 2022 2277 Apollini

306 2306 410 2341 ante
441 2298 594 2340 oculos
627 2298 803 2339 versari,

366 2369 499 2411 Eum.
549 2369 648 2422 767.
711 2369 777 2410 ius
841 2369 1073 2410 iurandum
1121 2367 1307 2416 Orestis,
1353 2380 1443 2422 quo
1490 2366 1722 2420 pollicetur
1768 2379 1817 2408 se
1862 2366 2022 2409 dehinc

308 2442 508 2485 Athenas
554 2441 854 2491 defensurum,
904 2446 971 2481 est
1019 2440 1351 2493 promissorium
1399 2439 1471 2494 (ad
1518 2439 1636 2481 idern
1683 2439 1767 2481 hoc
1799 2439 2023 2492 pertinent

308 2512 529 2566 ὁρκώματα
561 2526 625 2554 vs.
658 2513 779 2567 771).

362 2643 394 2681 ι)
421 2639 471 2674 de
498 2649 546 2674 eo
573 2637 621 2673 cf.
649 2636 839 2679 Zeller,
867 2635 961 2673 Phil.
987 2635 1024 2671 d.
1053 2634 1118 2671 Gr.
1144 2635 1204 2679 ΙΙΙ,
1232 2634 1269 2670 2⁴
1295 2646 1360 2681 pp.
1386 2637 1458 2671 812
1483 2645 1568 2681 sqq.

359 2706 395 2742 2)
421 2698 469 2734 cs.
498 2697 624 2733 Hirzel
651 2708 686 2732 o.
713 2696 734 2732 1.
762 2707 799 2742 p.
826 2706 872 2736 4:
897 2695 1110 2732 Trotzdem
1139 2694 1228 2730 darf
1250 2705 1337 2730 man
1364 2694 1464 2730 wohl
1490 2704 1620 2741 sagen,
1648 2694 1739 2730 dass
1764 2695 1828 2731 die
1854 2694 2023 2731 Theorie

311 2759 381 2794 des
420 2758 659 2794 Alterthums
663 2782 843 2792 ......
883 2756 959 2791 den
998 2755 1072 2790 Eid
1111 2754 1336 2790 wesentlich
1374 2765 1445 2789 nur
1482 2754 1537 2789 als
1576 2754 1928 2800 promissorischen
1965 2754 2023 2790 ins

310 2819 420 2865 Auge
445 2819 576 2854 tasste.

360 2879 395 2922 3)
422 2877 512 2924 Quo
538 2876 654 2912 modo
680 2876 743 2912 hic
770 2875 878 2912 locus
904 2876 954 2911 sit
980 2875 1178 2922 legendus,
1206 2885 1341 2921 parum
1368 2879 1536 2910 constat.
1558 2873 1607 2910 cs.
1622 2873 1835 2920 Wecklein,
1850 2874 2024 2922 Aeschy-

312 2937 380 2980 los.
407 2936 574 2979 Orestie,
599 2936 782 2972 Teubner
812 2938 912 2977 1888,
939 2946 975 2981 p.
1007 2946 1018 2970 ι
1026 2944 1082 2980 54,
1109 2935 1158 2970 ad
1186 2946 1238 2970 vs.
1271 2936 1370 2978 1283.
1398 2934 1514 2981 Quod
1541 2934 1590 2969 ad
1616 2944 1697 2969 rem
1725 2934 1906 2980 pertinet,
1932 2944 2025 2970 con—

311 2997 502 3033 troversia
527 3007 604 3032 non
630 3002 702 3032 est.

359 3063 396 3100 4)
423 3056 560 3091 Lectio
587 3062 647 3091 est
672 3056 831 3091 incerta.
859 3054 968 3102 Lego
995 3064 1083 3090 cum
1110 3053 1354 3089 Weckleinio
1380 3056 1472 3094 φανῶ
1498 3050 1656 3089 δικαστὰς
1681 3052 1787 3094 ὁρκίων
1817 3050 2025 3094 atavum-avve

310 3117 432 3158 θεσμόν
458 3140 466 3149 .
494 3140 501 3148 .
564 3141 571 3150 .
599 3139 606 3147 .
635 3115 683 3151 cf.
712 3114 858 3150 Weckl.
885 3114 1067 3150 Orestiae
1094 3124 1130 3159 p.
1159 3114 1228 3156 328
1254 3112 1303 3148 ad
1329 3123 1384 3149 vs.
1412 3115 1491 3152 486.

361 3178 398 3220 5)
436 3174 569 3211 Eum.
609 3184 676 3219 ⁴92
714 3174 832 3210 lectio
870 3179 931 3210 est
968 3173 1129 3210 incerta.
1169 3172 1278 3219 Lego
1316 3181 1404 3207 cum
1443 3171 1589 3207 Weckl.
1629 3171 1724 3213 ὅρκων
1748 3174 1905 3213 τιμῶντας
1930 3170 2026 3213 μηδέν

311 3232 443 3270 anatum
467 3234 589 3275 φρεσίν.
617 3233 665 3270 cs.
693 3233 841 3270 Weckl.
868 3244 903 3270 o.
930 3233 950 3269 l.
979 3243 1015 3279 p.
1043 3236 1111 3277 3²8
1134 3231 1184 3268 ad
1207 3242 1263 3267 vs.
1290 3241 1369 3275 ⁴92.
