2392 3750
1149 355 1202 401 75

317 483 474 538 inquit,
505 479 646 523 ἔκλυεν
676 478 833 530 δαίμων
863 479 974 529 ἡμῶν
1006 478 1072 530 χώ
1105 474 1228 519 πάντ’
1260 477 1353 518 αἴων
1389 475 1483 523 Διὸς
1513 475 1658 528 “Ορκος
1678 475 1724 529 ¹),
1757 490 1872 531 quae
1888 483 2036 519 tamen

317 554 510 597 difficilia
542 559 643 595 sunt
674 552 730 594 ad
763 551 1120 606 intellegendum.

380 623 535 667 Trach.
572 634 622 677 25
633 632 670 677 5.
702 622 863 664 Lichas
896 621 1127 663 Deianirae
1160 622 1453 674 percontanti,
1487 634 1574 674 qua
1604 621 1660 662 de
1693 633 1823 662 causa
1854 621 2037 662 tamdiu

318 698 500 739 maritus
532 696 638 737 foris
671 699 967 736 commoratus
999 692 1068 740 sit,
1101 698 1248 733 narrat
1281 705 1382 734 eum
1406 692 1581 747 reginae
1599 691 1843 745 Omphalae
1861 705 2036 733 servum

318 769 453 810 fuisse
499 780 589 808 non
631 779 711 807 sua
755 771 914 818 sponte
956 763 1036 805 sed
1068 763 1309 814 venditum,
1344 764 1467 805 cuius
1502 764 1563 804 rei
1596 764 1879 818 ignominiam
1913 769 2038 804 tanto

318 840 470 882 dolore
516 851 618 880 eum
668 835 883 887 affecisse,
931 842 978 877 ut
1022 836 1115 877 iure
1158 835 1341 876 iurando
1375 841 1517 876 semet
1549 835 1694 888 ipsum
1726 835 2036 877 obstrinxerit:

318 908 419 952 ὥσθ’
461 907 582 961 ὅρκον,
629 908 768 963 inquit
814 907 989 957 Lichas,
1038 905 1148 958 αὐτῷ
1193 905 1440 957 προσβαλὼν
1483 904 1677 956 διώμοσεν
1696 904 1743 958 2),
1778 920 1826 948 se
1858 907 2039 948 huiusce

318 981 550 1024 dedecoris
593 994 653 1022 sc.
686 986 913 1022 auctorem
946 980 1201 1032 puniturum
1235 992 1346 1020 esse.
1381 978 1503 1020 Haec
1535 977 1616 1030 οὐχ
1647 976 1804 1027 ἧλίωσ-ε,
1837 977 1937 1020 ἀλλ’
1972 976 2037 1020 ἔθ’

317 1051 440 1103 ἁγνὸς
480 1049 536 1100 ἦν,
579 1052 723 1108 pergit
763 1051 955 1101 nuntius,
999 1049 1169 1102 στρατὸν
1215 1048 1360 1100 λαβὼν
1403 1049 1581 1091 ἐπακτὸν
1614 1048 1788 1102 ἔρχεται
1821 1048 1936 1092 πόλιν
1968 1049 2039 1097 τὴν

319 1122 549 1176 Εὐρυτείαν.
582 1123 652 1165 Ius
683 1123 915 1165 iurandum
949 1123 1079 1178 igitur
1111 1129 1258 1164 servat
1290 1135 1372 1164 nec
1405 1121 1639 1164 Deianirae
1665 1124 1824 1165 mirum
1841 1123 1885 1164 id
1902 1123 2039 1164 videri

318 1201 665 1238 consentaneum
715 1200 793 1236 est.
844 1194 974 1237 Haud
1021 1195 1156 1236 dubie
1204 1208 1301 1236 eam
1335 1194 1476 1247 ipsam
1508 1195 1566 1236 ob
1600 1207 1776 1236 causam
1809 1194 2038 1236 dominum

317 1280 445 1309 suum
476 1267 568 1309 iure
600 1267 783 1309 iurando
815 1266 1103 1308 constrictum
1136 1279 1234 1308 esse
1267 1273 1546 1308 commentus
1578 1273 1645 1308 est
1677 1267 1740 1307 vir
1772 1279 1922 1321 sagax.

381 1337 422 1380 T
419 1337 537 1380 rach.
581 1339 679 1392 378.
721 1338 926 1380 Deianira
969 1337 1154 1380 Licham
1203 1338 1414 1379 iuravisse
1446 1338 1553 1379 dicit
1583 1335 1785 1387 ἀνώνυμον
1811 1335 2038 1389 πεφυκέναι

317 1410 451 1453 lolam
494 1423 640 1465 exque
686 1411 831 1451 verbis
874 1411 967 1451 eius
1000 1416 1197 1463 apparet,
1231 1410 1352 1463 quod
1384 1410 1515 1451 etiam
1549 1416 1909 1463 consentaneum,
1942 1423 2039 1452 eam

317 1484 412 1524 viro
444 1483 584 1524 iurato
616 1482 856 1539 credidisse
875 1479 924 1532 ³),
973 1482 1079 1536 quin
1111 1482 1314 1523 nuntium
1347 1495 1490 1530 suum,
1524 1495 1704 1535 prorsus
1737 1480 1820 1523 alia
1851 1482 1926 1536 qui
1954 1487 2039 1523 ret-

317 1553 477 1605 tulerit,
521 1554 577 1595 de
617 1554 711 1595 eius
754 1554 1000 1596 iuramento
1035 1554 1264 1595 admonet:
1309 1548 1336 1594 ὦ
1368 1551 1557 1600 δύστηνος
1589 1567 1651 1594 vs.
1688 1562 1771 1606 377
1805 1553 2038 1604 exclamat,

370 1733 404 1770 ι)
429 1730 585 1766 Minime
624 1730 729 1766 clara
765 1731 863 1767 haec
902 1732 1022 1766 verba
1058 1736 1158 1766 sunt.
1193 1730 1273 1766 Iam
1301 1730 1430 1766 Schol.
1458 1730 1678 1766 adnotavit:
1704 1731 1750 1763 τὰ
1774 1730 1958 1762 τελευταῖα
1983 1727 2041 1762 καὶ

317 1789 608 1832 δυστραπελώτερα
633 1793 687 1824 καὶ
711 1789 747 1824 οὔ
775 1789 888 1835 ῥᾳδίως
912 1790 1001 1823 ἐστΐν
1027 1789 1140 1823 αὐτῶν
1167 1792 1421 1832 κατακρατῆσαι
1446 1790 1477 1822 ἐν
1503 1793 1542 1834 τῇ
1568 1788 1736 1831 ἐξηγήσει,
1773 1789 1949 1828 πεποίηται
1975 1791 2041 1831 γὰρ

317 1853 434 1884 ταῦτα
458 1850 500 1888 εἷς
524 1853 563 1884 τὸ
590 1849 828 1893 aenaim-arou
852 1861 980 1897 neque
1008 1850 1047 1886 id
1075 1851 1225 1895 mirum,
1251 1861 1362 1885 nam:

368 1909 413 1946 1⁰.
440 1910 543 1946 nullo
569 1910 658 1946 loco
683 1910 827 1946 dicitur
853 1910 1031 1946 Theseus
1056 1910 1216 1955 iurasse,
1245 1915 1395 1945 tanturn
1422 1909 1598 1956 Oedipus
1625 1909 1770 1956 aliquid
1796 1911 1980 1946 vetuisse.

366 1969 414 2007 2⁰.
440 1971 525 2016 ipse
562 1970 741 2016 Oedipus
777 1981 832 2005 vs.
875 1972 965 2015 1518
999 1981 1085 2016 sqq.
1123 1970 1338 2015 spopondit
1372 1969 1468 2013 fore,
1493 1975 1535 2005 ut
1561 1969 1738 2006 Theseus
1767 1971 1867 2006 bene
1895 1976 2039 2017 ageret,

437 2030 469 2066 si
495 2029 680 2065 mandata
706 2029 971 2076 persolvisset,
1000 2030 1049 2065 de
1077 2030 1219 2076 quibus
1245 2029 1441 2065 Theseum
1470 2029 1757 2066 admoniturum
1785 2041 1872 2066 esse
1897 2041 2040 2076 expec-

439 2095 580 2125 tamus.
611 2090 720 2134 (1758
745 2092 859 2135 sqq.).
898 2089 1015 2136 Quod
1043 2090 1075 2124 si
1097 2089 1162 2124 hic
1188 2099 1265 2124 non
1293 2088 1397 2132 facit,
1425 2094 1685 2135 expectamus
1711 2100 1800 2126 eum
1827 2091 2039 2126 dicturum:

437 2148 635 2193 Iuravi‚
659 2158 733 2184 nec
760 2149 854 2195 quid
881 2150 997 2195 igitur
1023 2149 1117 2184 mihi
1142 2148 1274 2183 dicere
1301 2148 1402 2184 licet.
1419 2148 1574 2184 Minime
1590 2149 1731 2185 iterum
1746 2150 2039 2186 confirmatione

437 2218 539 2244 nunc
575 2218 676 2254 opus
713 2213 784 2250 est,
819 2209 966 2255 quippe
1002 2209 1068 2254 qui
1094 2219 1149 2245 vs.
1180 2211 1271 2251 1760
1297 2208 1372 2243 iam
1399 2210 1504 2243 senis
1531 2209 1713 2244 mandata
1739 2209 2039 2246 confirmaverit.

366 2267 414 2311 3⁰.
440 2266 538 2300 πάντ’
563 2266 639 2299 actm
668 2267 873 2314 epitheton
904 2273 964 2303 est
993 2278 1129 2314 parum
1158 2272 1293 2313 aptum
1319 2267 1369 2302 ad
1395 2267 1580 2304 Horcum.

318 2327 359 2364 Si
384 2338 426 2363 re
452 2338 544 2363 vera
573 2326 781 2374 legendum
808 2332 869 2363 est
893 2328 968 2365 Διὸς
994 2327 1081 2369 ὅρκος
1108 2327 1370 2363 conferendus
1397 2332 1457 2363 est
1482 2328 1545 2363 hic
1567 2339 1703 2364 versus
1731 2339 1819 2364 cum
1846 2340 1902 2367 vs,
1932 2331 2040 2373 1267:

318 2389 390 2425 Ζηνὶ
426 2385 583 2423 σύνθακος
620 2387 735 2427 θρόνων
774 2385 875 2424 Αἰδώς
912 2392 952 2422 et
982 2388 1066 2431 1381
1099 2397 1183 2433 sqq.
1212 2387 1229 2424 ἡ
1255 2386 1472 2428 παλαίφατος
1497 2388 1578 2425 Δίκη
1603 2385 1747 2430 ξόνεδρος
1773 2390 1865 2426 Ζηνὸς
1892 2387 2041 2431 ἀρχαίοις

318 2448 432 2488 νόμοις.
459 2446 517 2482 De
544 2445 734 2482 Themide
763 2447 903 2482 eodem
932 2446 1050 2482 modo
1077 2452 1139 2482 est
1165 2457 1295 2482 sermo
1321 2446 1416 2482 Eur.
1444 2447 1543 2482 Med.
1576 2451 1655 2492 160,
1687 2450 1751 2492 169
1777 2448 1839 2492 (cf.
1869 2451 1939 2485 208
1954 2460 2039 2496 sqq.

317 2507 493 2539 suonam-17
513 2507 611 2543 Ζανὸς
624 2506 729 2547 ὁρκίων
743 2505 863 2549 Θέμιν)
880 2506 944 2549 (cs.
972 2506 1007 2542 H
1023 2507 1034 2542 i
1048 2517 1065 2541 r
1081 2517 1099 2541 z
1114 2516 1135 2542 e
1152 2506 1173 2551 l,
1200 2506 1370 2549 Themis,
1389 2507 1486 2542 Dike
1501 2508 1579 2543 und
1594 2507 1851 2544 Verwandtes
1866 2520 1930 2555 pp.
1947 2519 1978 2555 5,
1994 2511 2039 2553 7).

366 2565 530 2602 videtur
567 2565 655 2607 ἡμῶν
694 2566 1007 2612 coniungendam
1049 2576 1136 2602 esse
1177 2577 1267 2602 cum
1303 2564 1428 2605 ἵκλυεν,
1465 2572 1507 2602 ut
1544 2568 1662 2603 etiam
1688 2570 1791 2600 ταῦτ’
1817 2568 1964 2614 (Jebb
1991 2569 2040 2604 ad

319 2614 470 2659 ¹ocum:
510 2625 610 2655 ταῦτ’
648 2619 721 2658 obv:
766 2623 919 2665 „These
958 2624 1087 2670 things
1126 2624 1218 2659 then
1245 2621 1311 2666 (οὖν
1339 2625 1551 2671 according
1578 2631 1619 2661 to
1645 2625 1711 2661 the
1738 2626 1973 2672 injunctions
1999 2627 2046 2662 of

319 2682 511 2729 Oedipus)
547 2683 562 2718 1
587 2693 668 2718 was
693 2683 816 2718 heard
843 2689 885 2719 to
912 2684 1082 2729 promise
1111 2685 1164 2731 by
1188 2685 1254 2720 the
1282 2684 1383 2731 god''
1411 2690 1484 2720 etc.
1513 2685 1612 2718 ταῦτ’
1644 2686 1676 2721 is
1703 2686 1813 2722 short
1839 2686 1922 2722 sor:
1950 2687 2039 2732 „the

320 2743 491 2789 promise
517 2747 559 2778 to
585 2742 636 2778 do
662 2743 774 2778 these
801 2743 967 2790 things'’,
994 2754 1036 2779 as
1063 2743 1095 2778 is
1118 2742 1384 2786 ὑπισχνουμένων
1410 2745 1527 2780 stood
1555 2745 1646 2780 with
1672 2744 1790 2788 ἡμῶν.)

367 2801 573 2837 Praeterea
610 2802 791 2848 quaestio
830 2808 902 2844 est,
949 2803 1037 2848 quis
1076 2803 1126 2838 sit
1164 2803 1331 2839 daemon
1370 2803 1558 2840 laudatus.
1598 2803 1825 2841 Daemonne
1863 2805 1935 2849 ille,
1974 2808 2039 2853 qui

320 2860 566 2907 Oedipodem
616 2861 787 2907 abripit?
835 2861 909 2907 (Ita
948 2861 1507 2898 Wolff-Bellermann
1555 2869 1595 2899 et
1631 2863 1762 2909 Jebb
1801 2865 1850 2901 ad
1888 2866 2039 2904 locum:

320 2931 355 2967 p.
385 2922 453 2956 268
479 2931 514 2956 o.
543 2920 588 2955 1.:
628 2921 693 2956 the
732 2920 871 2956 Divine
912 2920 1057 2963 Power,
1098 2921 1182 2957 that
1220 2921 1343 2957 called
1378 2921 1555 2968 Oedipus
1582 2924 1706 2970 away)
1734 2935 1782 2960 an
1808 2926 2040 2971 generaliter

319 2980 443 3022 fatum
475 2979 536 3025 (cs.
564 2979 619 3015 El.
652 2982 759 3025 1156;
799 2980 1008 3024 Kaibel,
1048 2992 1084 3027 p.
1113 2991 1191 3026 251.
1220 2981 1269 3018 cf.
1303 2992 1412 3026 1337:
1452 2984 1506 3015 τὸν
1531 2981 1629 3015 αὐτὸν
1655 2981 1783 3025 δαίμον’
1809 2982 2037 3027 ἂξειληχότες;

325 3050 336 3075 ι
345 3049 434 3084 370:
463 3038 585 3081 τοιγάρ
610 3039 672 3072 σ’ὁ
696 3037 821 3080 δαίμων
846 3039 953 3083 εἰσορᾷ
979 3041 1038 3081 μὶν
1064 3039 1185 3074 olli-amu
1210 3041 1250 3077 ὥς
1275 3039 1384 3073 αὐτίκ’
1399 3069 1407 3076 .
1423 3070 1430 3078 ,
1448 3069 1454 3075 .
1472 3069 1474 3073 ,
1495 3054 1502 3085 ;
1534 3053 1634 3086 1443,
1666 3045 1767 3088 1480,
1797 3048 1895 3089 1567.

369 3099 477 3134 Haec
503 3099 633 3135 omnia
660 3098 844 3141 efficiunt,
872 3105 913 3135 ut
941 3100 1074 3145 spuria
1102 3100 1195 3135 mihi
1222 3100 1400 3135 videatur
1426 3100 1543 3136 lectio
1572 3102 1764 3138 codicum.

370 3159 403 3203 2)
432 3158 478 3194 cf.
506 3157 642 3194 Trach.
672 3167 763 3203 255;
790 3156 948 3194 Herod.
974 3159 999 3200 I,
1031 3161 1120 3200 146:
1147 3160 1243 3201 σφίσι
1269 3158 1391 3203 αὐτῇσι
1417 3159 1521 3201 &paone
1547 3159 1733 3198 ἑπῆλασανς
1761 3162 1822 3207 VI,
1850 3172 1905 3207 7⁴,

368 3223 405 3262 3)
431 3217 629 3264 Nusquam
667 3217 763 3264 ipsis
801 3218 930 3254 verbis
969 3218 1133 3265 legimus
1172 3218 1334 3254 Licham
1360 3219 1560 3256 iuravisse.
1592 3220 1763 3268 Reginae
1791 3224 2038 3268 percontanti

321 3289 377 3315 vs.
404 3286 472 3320 3¹9
498 3275 701 3323 respondit
726 3281 900 3312 tantum:
926 3277 1060 3314 uxama.
