2392 3750
1209 296 1267 346 46

381 429 500 469 tione
532 440 620 468 non
655 426 845 481 legitur?
877 423 991 478 Quia
1027 426 1166 466 maius
1198 424 1303 478 quid
1321 430 1413 465 erat
1431 424 1497 465 ius
1516 424 1761 475 iurandum,
1779 425 1964 465 nonne?
1996 425 2098 478 quia

381 500 716 542 fundamentum
750 498 940 538 habebat
974 509 1106 550 quam
1139 496 1332 537 maxime
1364 494 1553 536 solidum
1585 508 1728 549 neque
1765 496 1985 537 nitebatur
2010 495 2097 537 fide

381 572 571 612 humana
621 567 833 619 mutabili,
887 567 988 621 quia
1031 568 1140 608 deus
1188 567 1281 608 eius
1331 573 1398 607 est
1448 567 1626 608 vindex.
1688 566 1798 607 Eam
1830 567 1889 608 ob
1920 579 2097 608 causam

382 642 586 682 omnibus
618 639 868 681 hominibus
901 639 1028 689 valet,
1062 652 1114 679 ea
1147 638 1203 679 de
1236 651 1281 679 re
1299 638 1481 693 dignum
1501 643 1582 688 est,
1601 637 1672 678 cui
1689 637 1798 679 fides
1815 637 2027 679 habeatur
2054 637 2083 695 ¹)

381 711 471 754 Sed
504 713 612 753 haec
643 711 870 752 hactenus.

442 782 705 824 Ostendisse
754 781 857 822 mihi
901 781 1050 822 videor
1097 780 1273 822 Hirzelii
1321 781 1589 834 opinionem,
1633 781 1753 834 quod
1797 781 1853 822 ad
1894 781 2099 835 antiquos

382 855 560 908 quidem
603 854 807 906 pertinet,
852 853 984 894 certis
1021 852 1291 908 argumentis
1326 852 1504 893 minime
1536 852 1614 892 niti
1646 865 1791 906 neque
1823 852 1967 907 igitur,
1998 865 2099 894 cum

382 926 640 979 praesertim
684 938 709 965 a
750 924 974 965 communi
1016 924 1223 977 opinione
1255 923 1524 976 optimorum
1557 923 1820 976 scriptorum
1852 923 2100 976 abhorreat,

381 1011 479 1039 esse
527 996 918 1049 comprobandam.
981 995 1064 1036 Dei
1111 995 1423 1037 verecundiam
1470 1001 1730 1048 metumque
1779 1007 1949 1047 poenae
1996 995 2101 1037 iuris

382 1069 551 1111 iurandi
584 1081 682 1109 esse
715 1067 1065 1118 fundamentum,
1098 1068 1154 1108 ab
1187 1079 1241 1107 eo
1274 1079 1362 1107 non
1395 1072 1464 1107 est
1496 1066 1734 1108 refutatum
1768 1062 1815 1119 2).

441 1139 653 1182 Attamen
695 1138 844 1194 negari
889 1150 978 1179 non
1010 1144 1161 1191 potest
1193 1138 1368 1190 saepius
1409 1139 1616 1191 antiquos
1651 1138 1861 1178 iuravisse
1895 1150 1995 1179 cum
2023 1150 2102 1191 per

381 1210 592 1263 homines,
625 1217 719 1251 tum
752 1223 830 1262 per
864 1207 983 1250 alias
1014 1221 1096 1260 res,
1132 1222 1320 1263 quorum
1353 1209 1557 1262 exempla
1589 1208 1631 1249 H
1652 1209 1664 1249 i
1683 1208 1811 1250 rzel
1845 1222 1887 1261 p.
1924 1210 1976 1251 18
2003 1222 2101 1264 sqq.

383 1283 608 1336 complura
641 1281 838 1324 contulit.
888 1280 1129 1333 Quomodo
1162 1281 1244 1321 hae
1277 1279 1490 1321 formulae
1524 1280 1812 1333 explicandae
1841 1286 1957 1333 sunt,
1989 1293 2102 1334 quae

383 1368 470 1396 una
531 1367 631 1395 cum
690 1354 816 1394 iustis
874 1353 1130 1394 iuramentis
1178 1352 1296 1405 apud
1354 1352 1545 1407 tragicos
1597 1365 1788 1405 quoque,
1835 1365 2102 1406 quamquam

383 1440 551 1480 paucae
582 1425 820 1480 leguntur?
851 1424 1028 1465 Etenim
1061 1425 1154 1465 fieri
1186 1437 1275 1465 non
1309 1430 1458 1477 potest
1492 1429 1540 1465 ut
1572 1437 1727 1464 omnes
1760 1437 1830 1465 res
1873 1425 2103 1466 invocatae

383 1499 439 1539 ad
469 1498 578 1539 deos
610 1497 859 1550 pertineant
878 1492 930 1550 3).
982 1495 1237 1550 Antequam
1268 1501 1418 1536 autem
1450 1496 1789 1548 perpendamus,
1825 1495 1929 1548 quid
1962 1496 2018 1538 de
2051 1495 2103 1536 iis

383 1570 439 1610 sit
485 1568 780 1618 iudicandum,
842 1580 930 1618 eas,
993 1580 1107 1621 quae
1157 1567 1276 1620 apud
1332 1567 1524 1622 tragicos
1581 1567 1796 1622 leguntur,
1857 1568 2104 1609 accuratius

383 1642 687 1682 observemus.

444 1710 512 1752 De
541 1708 807 1751 hominibus.
858 1710 1083 1763 Perpauca
1129 1710 1247 1764 apud
1295 1710 1487 1764 tragicos
1537 1710 1781 1751 iuramenta
1812 1709 2028 1764 leguntur,
2060 1708 2104 1749 in

385 1784 544 1836 quibus
575 1782 777 1824 homines
809 1787 949 1823 testes
983 1782 1257 1823 invocantur.

386 1967 529 2014 gerade
563 1966 626 2001 die
652 1965 935 2011 Frommigkeit
960 1975 1086 2012 gegen
1112 1965 1175 2000 die
1203 1965 1344 2002 Gotter
1370 1966 1448 2001 und
1476 1966 1539 2001 die
1567 1965 1865 2012 Gerechtigkeit
1890 1975 2015 2012 gegen
2041 1964 2104 1999 die

386 2026 599 2062 Menschen
624 2026 729 2072 innig
755 2025 941 2060 vereint''.

438 2091 471 2126 1)
517 2086 676 2121 Praeter
720 2085 829 2120 locos
867 2095 986 2130 supra
1023 2085 1203 2121 laudatos
1241 2085 1390 2129 (Eum.
1432 2095 1521 2131 713;
1574 2085 1618 2121 0.
1656 2085 1704 2120 R.
1742 2086 1826 2129 647)
1864 2084 1994 2119 Hirzel
2029 2085 2105 2119 iam

388 2146 509 2182 multo
543 2151 635 2192 post
660 2144 712 2191 (p.
739 2147 794 2181 88.
822 2144 859 2191 4)
885 2145 1018 2180 laudat
1042 2145 1158 2180 Eur.
1185 2146 1285 2181 Med.
1316 2154 1403 2189 439:
1429 2143 1553 2186 βέβακε
1577 2144 1703 2186 δ’ὅρκων
1727 2149 1822 2187 χάρις
1847 2143 1914 2176 οὐδ’
1939 2145 1987 2177 ἔτ’
2011 2142 2107 2181 αἰδύς

385 2205 533 2239 “nazaha
557 2208 600 2249 τᾷ
624 2208 762 2249 μεγάλᾳ
785 2203 883 2247 μένει,
909 2204 1036 2246 αἰθερία
1061 2204 1228 2240 δ’ἀνέπτα,

434 2267 522 2301 Hoc
560 2265 648 2301 loco
686 2275 844 2311 quoque
882 2275 1012 2300 sermo
1051 2270 1112 2300 est
1149 2266 1198 2300 de
1236 2266 1324 2311 ipso
1361 2265 1591 2308 iuramento,
1629 2276 1708 2300 non
1745 2265 1794 2300 de
1821 2275 1869 2300 eo
1902 2275 1973 2311 per
1999 2264 2107 2311 quod

385 2326 545 2361 iuratur.
603 2324 691 2371 Quo
730 2324 849 2360 modo
890 2335 941 2360 ex
977 2324 1086 2360 hisce
1125 2325 1302 2360 versibus
1342 2324 1510 2359 derivari
1547 2325 1684 2370 possit,
1723 2324 1830 2370 quod
1867 2324 1996 2360 Hirzel
2029 2325 2102 2360 ait:

387 2385 528 2431 „deren
566 2383 793 2420 Bindekrast
830 2385 1150 2426 (iuramentorum
1189 2387 1261 2430 sc.)
1287 2384 1517 2420 wesentlich
1545 2395 1621 2420 von
1645 2385 1754 2430 jener
1778 2382 1901 2430 (αἰδώς)
1927 2385 2106 2431 abhing’,

388 2445 452 2488 (cf.
480 2456 515 2491 p.
543 2447 604 2486 88)
631 2445 725 2479 mihi
751 2444 908 2479 minime
933 2443 1065 2490 liquet.
1094 2446 1189 2485 ὅρκων
1213 2444 1310 2486 χάρις
1337 2449 1376 2479 et
1401 2443 1495 2480 αἰδώς
1522 2449 1659 2479 contra
1684 2444 1957 2479 discernuntur
1978 2454 2106 2490 neque

389 2509 554 2550 apparet
591 2505 689 2540 haec
726 2505 847 2539 verba
879 2505 981 2539 inter
1019 2514 1062 2539 se
1101 2505 1326 2541 cohaerere.
1366 2504 1527 2539 Medeae
1565 2504 1836 2550 repudiatione
1872 2515 1947 2539 non
1981 2504 2105 2540 solum

389 2565 531 2600 dicitur
568 2565 627 2599 ius
664 2564 869 2599 iurandum
907 2574 995 2599 esse
1034 2564 1230 2606 violatum,
1269 2575 1403 2599 verum
1443 2564 1560 2599 etiam
1599 2562 1705 2608 αἰδώς,
1731 2565 1962 2609 reverentia,
1990 2575 2106 2610 quam

389 2625 502 2660 Iason
540 2625 654 2660 uxori
691 2635 785 2659 suae
819 2624 1001 2666 debebat,
1028 2623 1208 2670 neglecta
1234 2624 1299 2666 (cf.
1326 2635 1382 2660 vs.
1410 2634 1479 2666 419
1504 2624 1633 2666 ἔρχεται
1658 2623 1739 2665 τιμά
1763 2624 1935 2665 γυναικείῳ
1959 2626 2042 2665 γένει
2067 2628 2107 2659 et

390 2683 491 2719 Aes
507 2684 579 2719 ch.
616 2684 750 2718 Eum.
791 2694 857 2727 217
863 2694 886 2725 ).
924 2683 1066 2727 Verba,
1107 2694 1207 2729 quae
1242 2688 1483 2729 sequuntur:
1508 2683 1635 2724 αἰθερία
1660 2682 1816 2715 δ’ἀνέπτα
1842 2684 1962 2719 multo
1988 2685 2106 2719 etiam

390 2744 525 2779 melius
563 2744 640 2779 dici
678 2749 844 2789 possunt
881 2744 929 2778 de
968 2742 1074 2782 αἰδώς,
1113 2754 1229 2789 quam
1269 2743 1451 2788 coniungi
1490 2753 1579 2777 cum
1616 2742 1710 2783 ὅρκων
1749 2743 1854 2784 χάρις.
1888 2742 1952 2785 (cf.
1989 2742 2106 2777 Hes.

390 2803 424 2839 O
440 2814 465 2849 p
480 2814 515 2849 p.
548 2813 610 2846 192
628 2829 635 2836 .
663 2829 670 2836 .
700 2830 706 2838 .
734 2828 742 2837 .
805 2801 876 2840 δίκη
901 2801 962 2835 δ’ἐν
987 2803 1092 2844 χερσί,
1117 2805 1170 2834 καὶ
1195 2800 1289 2838 αἰδώς
1315 2801 1371 2834 οὐκ
1396 2803 1498 2836 ἔσται.
1525 2801 1627 2838 Αἰδὼς
1653 2808 1772 2848 atque
1797 2801 1936 2844 Νέμεσις
1961 2807 2105 2837 terram

390 2863 620 2908 relinquunt,
647 2874 721 2898 vss.
753 2872 817 2906 197
844 2863 956 2909 sqq.).

437 2923 645 2958 Praeterea
681 2923 857 2958 eiusdem
896 2923 1009 2958 huius
1039 2923 1271 2969 ‚tragoediae
1298 2925 1355 2957 vs.
1388 2925 1453 2966 169
1480 2923 1528 2957 de
1555 2922 1644 2957 Iove
1670 2922 1836 2959 dicitur:
1863 2922 1955 2963 ὅρκων
1979 2922 2107 2960 θνητοῖς

390 2983 511 3024 ταμίας
536 2984 721 3024 νενόμισται
749 2988 788 3018 et
814 2983 911 3018 deos
936 2983 1084 3028 periuri
1107 2983 1256 3018 Iasonis
1282 2982 1429 3017 ultores
1457 2982 1540 3017 fore
1567 2983 1663 3017 satis
1690 2988 1854 3028 apparet
1876 2993 1896 3017 e
1924 2983 2106 3028 precibus

390 3042 553 3077 Medeae
587 3043 720 3087 ipsius,
759 3043 905 3088 quippe
945 3053 1045 3088 quae
1072 3053 1140 3077 eos
1166 3047 1332 3077 testetur
1359 3042 1422 3080 (cf.
1449 3053 1524 3078 vss.
1553 3053 1607 3082 22,
1634 3044 1708 3083 160,
1741 3046 1816 3086 169,
1844 3044 1940 3079 208).
1966 3041 2108 3077 Omnia

391 3102 489 3136 haec
515 3102 786 3137 demonstrant
811 3103 870 3137 ius
896 3102 1100 3137 iurandum
1127 3102 1176 3137 ad
1202 3102 1299 3137 deos
1325 3102 1533 3147 pertinere.
1560 3101 1624 3144 (cf.
1653 3101 1768 3146 Hipp.
1800 3104 1903 3144 1308,
1935 3105 2049 3144 1037).

440 3163 478 3202 2)
504 3160 553 3195 cf.
580 3160 834 3196 Lasaulx.
861 3162 940 3197 Der
966 3162 1047 3197 Eid
1069 3173 1155 3208 sqq.
1183 3172 1219 3207 p.
1249 3170 1279 3205 7.

440 3223 475 3263 3)
502 3219 550 3254 cf.
577 3220 763 3255 Hirzel
790 3232 825 3266 p.
857 3229 910 3265 15.
