2392 3750
1142 367 1198 408 29

364 488 677 531 Caeremoniae
706 489 754 540 ²),
802 489 858 530 de
913 487 1072 542 quibus
1118 487 1161 528 in
1209 487 1445 542 tragoediis
1493 492 1560 527 est
1607 498 1766 535 sermo,
1821 485 1953 540 vulgo
1994 499 2020 526 a

304 561 466 602 nuntiis
527 567 602 602 aut
663 562 719 601 ab
780 559 873 601 aliis
920 572 1069 600 earum
1117 558 1383 599 mentionem
1430 557 1691 598 facientibus
1743 557 2018 609 referuntur3

304 634 477 684 saepius
524 646 582 673 ex
628 632 784 672 horum
826 631 1102 671 sermonibus
1145 636 1246 670 sunt
1279 629 1577 670 coniciendae.
1611 628 1728 669 Raro
1760 628 1877 668 enim
1910 628 2017 680 ipsa,

305 717 417 757 quae
450 704 567 744 facta
598 710 712 753 sunt,
745 708 935 744 narrant.
968 702 1199 742 Praeterea
1231 713 1547 754 nonnunquam
1565 714 1623 741 ex
1657 700 1762 753 ipsis
1790 699 2021 740 iuramenti

306 775 450 816 verbis
482 775 735 816 coniectura
766 781 835 815 est
866 773 1192 826 suspicandum,
1226 774 1332 826 quid
1372 773 1400 813 ii
1432 772 1507 826 qui
1539 772 1755 822 iurabant,
1790 771 1989 811 fecerint.

364 846 453 887 Iam
485 847 674 898 primum
707 847 772 887 ius
804 845 1048 893 iurandum,
1082 845 1201 898 quod
1234 844 1277 884 in
1309 842 1518 895 Aeschyli
1536 843 1730 884 editione
1749 841 2020 882 Weckleinia

303 918 508 968 occurrit,
557 917 729 958 fabulae
775 930 850 967 sc.,
899 930 1012 970 quae
1055 916 1304 957 inscribitur
1350 913 1498 955 Ἔπτα
1530 911 1596 954 ἐπὶ
1631 915 1794 970 Θήβας,
1827 922 1883 964 43
1918 926 2021 953 vera

304 1003 415 1038 esse,
474 1003 586 1043 quae
643 1002 773 1042 supra
820 988 1077 1038 dixerimus,
1126 988 1415 1028 demonstrat.
1462 986 1599 1027 Poeta
1645 999 1746 1040 curn
1794 997 2020 1038 exponere

304 1061 466 1113 cupiat,
513 1061 618 1114 quid
663 1066 832 1115 agatur,
865 1060 921 1100 de
953 1073 1039 1113 qua
1072 1073 1117 1099 re
1160 1059 1216 1100 sit
1249 1071 1408 1107 sermo,
1442 1071 1555 1111 quae
1588 1070 1657 1098 res
1690 1057 1732 1098 in
1765 1055 1911 1098 fabula
1942 1069 2020 1096 sua

304 1138 559 1182 tractentur,
607 1133 767 1185 quibus
808 1132 1083 1183 temporibus
1115 1130 1233 1181 fiant,
1267 1143 1356 1171 non
1387 1130 1535 1171 statim
1568 1130 1685 1181 ipsas
1717 1128 1890 1170 fabulae
1923 1141 2019 1180 per-

305 1216 436 1244 sonas
484 1203 663 1253 inducit,
711 1203 790 1243 sed
838 1202 1054 1252 nuntium,
1104 1202 1194 1256 regi
1238 1201 1408 1244 Eteocli
1448 1201 1522 1255 qui
1554 1207 1700 1242 narret
1733 1200 1890 1241 foedus
1922 1212 2020 1240 esse

304 1273 439 1316 ictum
472 1288 497 1315 a
529 1281 701 1327 septem
735 1274 928 1315 hostium
960 1274 1160 1324 ducibus,
1194 1286 1306 1327 quos
1339 1274 1504 1314 iurasse
1537 1285 1585 1313 se
1602 1271 1781 1313 Thebas
1797 1272 2020 1312 diruturos

305 1345 451 1387 refert.
489 1344 622 1398 Quod
653 1346 813 1399 quibus
845 1345 1132 1386 caeremoniis
1164 1345 1328 1386 factum
1361 1350 1491 1391 esset,
1526 1356 1627 1384 cum
1659 1356 1714 1384 ne
1746 1348 2021 1396 spectatores

306 1418 482 1472 quidem
516 1418 665 1459 videre
697 1424 894 1470 possent,
926 1417 1175 1458 narratione
1208 1423 1301 1457 erat
1333 1429 1459 1469 opus,
1492 1429 1606 1469 quae
1634 1429 1696 1455 vs.
1724 1425 1781 1465 42
1799 1414 2019 1468 sequitur:

663 1486 800 1539 ἄνδρες
832 1486 914 1538 γαρ
948 1484 1068 1534 ἑπτά,
1101 1484 1246 1538 θούριοι
1279 1485 1517 1538 λοχαγέται

661 1560 1049 1612 ταυροσφαγοῦντες
1081 1557 1121 1604 ἐς
1151 1556 1398 1609 μελάνδετον
1428 1555 1550 1604 σάκος

665 1629 733 1671 καὶ
768 1627 1035 1680 θιγγάνοντες
1068 1628 1187 1681 χερσὶ
1219 1628 1399 1681 ταυρείου
1431 1630 1552 1681 Φόνου
1586 1628 1619 1683 ²³)

662 1701 772 1753 ’Ἄρη
803 1705 841 1742 τ’
881 1700 1003 1742 Ἐνυὼ
1039 1700 1110 1742 καὶ
1147 1699 1406 1758 φιλαίματον
1439 1699 1574 1757 Φόβον

662 1771 952 1825 ὡρκωμότησαν
1027 1805 1555 1814 ........

305 1846 522 1889 Audimus
571 1847 700 1903 igitur
748 1853 920 1888 taurum
979 1852 1232 1896 mactatum,
1281 1846 1537 1900 sanguinem
1594 1845 1797 1886 victimae
1862 1844 2020 1897 clypeo

305 1925 543 1972 exceptum
576 1932 687 1970 esse,
722 1932 855 1972 quem
873 1918 1032 1959 deinde
1050 1917 1352 1972 unusquisque
1369 1917 1615 1970 principum
1635 1930 1766 1959 manu
1784 1916 2019 1971 attingens,

305 2004 382 2044 per
415 1991 525 2032 deos
556 1990 757 2032 laudatos
791 1990 916 2030 iurat.

364 2061 495 2115 Apud
530 2062 720 2117 tragicos
751 2068 908 2114 poetas
940 2061 1010 2102 hic
1044 2060 1167 2102 Iocus
1200 2067 1266 2101 est
1299 2073 1424 2110 unus,
1473 2073 1563 2114 quo
1595 2060 1650 2101 de
1681 2059 1755 2101 tali
1789 2074 1834 2101 re
1865 2060 2018 2114 agitur.

304 2134 517 2175 Attamen
562 2133 631 2174 alii
680 2134 917 2186 scriptores
965 2133 1083 2174 varia
1117 2133 1314 2174 eiusdem
1362 2131 1428 2173 vel
1470 2132 1685 2173 eiusmodi
1717 2132 2020 2173 caeremoniae

304 2205 508 2259 exempla
539 2205 743 2246 afferunt.
806 2204 1057 2257 Xenophon
1090 2203 1207 2245 enim
1239 2203 1382 2246 Anab.
1415 2202 1470 2254 II,
1500 2213 1556 2254 29
1587 2203 1704 2244 idem
1738 2201 1832 2244 fere
1850 2210 2017 2245 narrat:

303 2279 437 2318 ταῦτα
468 2275 666 2326 δ’ὤμοσαν
697 2273 939 2328 σφάξαντες
986 2273 1136 2326 κάπρον
1183 2273 1252 2315 καὶ
1304 2275 1444 2325 ταῦρον
1474 2273 1544 2315 καὶ
1577 2272 1694 2315 λύκον
1727 2273 1797 2315 καὶ
1831 2273 1935 2326 κρίον
1967 2273 2021 2320 εἷς

303 2346 479 2395 ἀσπίδα,
521 2346 755 2398 βάπτοντες
786 2346 820 2388 οἱ
851 2345 923 2397 μέν
953 2346 1158 2394 “Eamne
1187 2344 1322 2398 ξίφος,
1355 2344 1435 2387 οἶδὲ
1467 2343 1668 2398 βάρβαροι
1695 2344 1869 2398 λόγχην.
1911 2346 2020 2388 Aliis

304 2434 481 2475 quoque
513 2420 620 2462 locis
653 2428 823 2462 taurum
857 2419 924 2460 vel
956 2420 1083 2460 aliam
1116 2419 1302 2461 bestiam
1337 2419 1517 2460 mactari
1549 2419 1747 2468 traditur,
1766 2432 1855 2460 non
1872 2425 2021 2460 autem

303 2492 463 2533 deinde
496 2492 671 2546 sanguis
705 2491 935 2544 excipitur,
959 2491 1038 2532 sed
1066 2491 1108 2531 in
1127 2497 1274 2544 partes
1291 2491 1469 2532 victima
1486 2490 1743 2540 dissecatur,
1761 2504 1871 2545 quas
1889 2503 2021 2543 super

303 2564 352 2614 is,
385 2564 459 2618 qui
492 2564 666 2613 iuraret,
695 2564 868 2604 insistit.
888 2560 922 2617 ³)
956 2561 1030 2603 He
1049 2562 1259 2604 rodotu
1276 2575 1297 2602 s
1333 2562 1406 2612 IV,
1426 2570 1482 2614 70
1501 2561 1633 2603 talem
1650 2575 1819 2603 morem
1836 2576 1885 2604 se
1903 2562 2020 2615 apud

359 2693 392 2736 1)
430 2691 478 2727 cf.
516 2692 924 2738 Schomann·Lipsius,
961 2692 1216 2728 Griechische
1244 2692 1510 2727 Alterthiimer
1538 2691 1578 2726 11.
1624 2702 1722 2735 1902.
1750 2703 1814 2738 pp.
1844 2693 1924 2736 278,
1952 2701 2019 2737 253

306 2762 392 2797 sqq.
431 2751 600 2798 stengel,
636 2751 706 2788 Gr.
742 2751 1136 2787 Kultusaiterthiimer
1168 2752 1266 2795 1898.
1305 2751 1423 2793 (Iwan
1452 2750 1586 2786 Miillcr
1625 2751 1780 2787 Handb.
1805 2751 1841 2787 d.
1869 2751 1918 2787 kl.
1946 2751 2017 2787 AIt.

307 2811 471 2847 Wschst.
500 2811 542 2846 V.
569 2813 606 2855 3)
632 2822 696 2857 pp.
724 2814 769 2847 86
795 2822 893 2858 sqq3
924 2822 983 2846 121
1014 2822 1102 2857 sqq.

356 2870 392 2916 2)
424 2872 516 2911 φόνος
554 2870 588 2907 11.
617 2870 638 2906 I.
676 2882 841 2907 cruorem
881 2870 1072 2918 significat
1107 2870 1156 2908 cf.
1182 2870 1221 2906 11.
1249 2870 1390 2914 XXIV,
1417 2873 1487 2905 610
1512 2870 1541 2901 ἄν
1566 2870 1649 2911 φόνῳ
1675 2871 1822 2909 ιιιῒσθαη
1850 2882 2019 2917 quocum

304 2929 392 2965 Ioco
431 2929 669 2965 conferenda
702 2935 791 2966 sunt
830 2930 868 2967 11.
895 2930 943 2965 X.
973 2933 1060 2974 298;
1087 2929 1160 2966 Od.
1190 2929 1312 2974 XXII,
1343 2933 1422 2973 376.
1449 2929 1554 2964 Pind.
1583 2929 1712 2965 Isthm.
1741 2930 1837 2975 VIII,
1867 2942 1932 2974 ¹09
1959 2931 2019 2967 ed.

306 2989 446 3026 Christ.
479 2990 591 3033 1899:
618 2990 726 3030 §alum
751 2989 866 3031 μέλανι
893 2991 978 3031 φόνῳ
1003 2988 1122 3025 πίδιον,

356 3053 392 3092 3)
440 3048 649 3095 Complura
693 3048 805 3085 huius
858 3049 1152 3085 consuetudinis
1191 3048 1372 3094 exempia
1411 3049 1585 3084 invenies
1623 3048 1732 3084 Paus.
1781 3049 1839 3091 111,
1880 3061 1935 3093 20,
1975 3060 2022 3093 9;

308 3108 369 3151 lv,
401 3119 452 3153 15,
480 3109 524 3147 8;
563 3107 745 3145 Aeschin.
783 3113 934 3149 Παραπρ,
967 3110 1011 3152 87
1038 3107 1216 3149 (τέμνοντες
1242 3109 1288 3141 τὰ
1312 3110 1412 3149 τόμια
1439 3110 1552 3150 (τόμια
1579 3107 1700 3143 frusta
1722 3109 1798 3143 sint
1823 3109 2023 3151 victimae)

307 3170 378 3205 τὸυς
415 3171 562 3205 mnan-az
600 3171 639 3211 τῇ
677 3167 777 3211 ψήφῳ
813 3166 1078 3209 ὗξορκίζεσθαι);
1119 3168 1230 3204 Dion.
1277 3169 1398 3204 Halic.
1438 3168 1565 3214 Antiq.
1606 3168 1716 3205 Rom.
1744 3168 1776 3204 V
1803 3180 1824 3204 a
1851 3170 1908 3205 A:
1934 3168 2023 3211 ὅρκια

307 3227 467 3271 τέμνοντες
492 3226 586 3261 alm-at
611 3238 646 3260 τι
670 3230 786 3269 maroe
810 3233 945 3265 στάντες
970 3228 1020 3261 ἐπὶ
1046 3232 1107 3261 τῶν
1133 3229 1247 3270 τομίων
1273 3227 1414 3270 ὤμοσαν.
1442 3228 1488 3263 cs.
1514 3228 1611 3263 Sitti.
1639 3238 1674 3263 o.
1702 3228 1723 3263 Ι.
1751 3238 1787 3274 p.
1813 3239 1876 3272 ¹⁴3
1903 3234 2021 3275 atque

307 3288 462 3324 Schom.
491 3288 596 3335 Lips.
622 3287 665 3324 Ο.
696 3287 717 3323 1.
745 3288 786 3332 11,
814 3298 881 3333 254
907 3289 952 3333 Α,
981 3299 1011 3331 3.
1399 3289 1403 3292 ’
