2326 3718
1193 313 1272 354 108

427 438 533 482 Ant.
571 452 652 493 104
699 441 813 484 Creo
845 444 1049 484 iactatur:

782 517 861 560 οὐδ’
895 517 927 559 εἶ
959 515 1125 560 θέλουσι
1158 518 1192 560 οἱ
1223 519 1340 567 Ζηνὸς
1371 518 1494 560 αἰετοὶ
1528 518 1652 571 βοράν

784 588 913 641 Φέρειν
945 605 998 631 νιν
1031 588 1279 642 ἁρπάζοντες
1316 591 1354 639 ἐς
1388 591 1479 638 Διὸς
1511 589 1670 642 θρόνους

783 660 862 702 οὐδ’
891 659 941 708 ὥς
973 660 1142 712 μίασμα
1176 665 1292 703 τοῦτο
1325 662 1383 712 μὴ
1414 661 1561 714 τρέσας
1592 661 1669 712 ἐγώ

783 729 958 774 θάπτειν
991 731 1159 784 παρήσω
1191 736 1324 775 κεῖνον.

426 803 489 844 Ira
539 804 697 846 ductus
743 804 850 846 haec
897 791 1084 847 affirmat
1130 818 1212 847 nec
1257 806 1438 848 dubium
1480 806 1583 858 quin
1625 807 1667 848 in
1709 806 1795 848 fine
1826 806 2077 862 tragoediae

366 873 447 929 (vs.
488 876 596 926 1348
630 875 749 929 sqq.)
781 877 837 918 de
869 876 949 918 illis
981 877 1165 919 chorus:

783 947 937 999 πολλῷ,
972 956 1164 1000 moneat,
1196 947 1240 990 τὸ
1273 950 1425 1000 Φρονεῖν
1457 946 1712 999 εὐδαιμονίας

783 1021 936 1071 πρῶτον
967 1017 1157 1072 ὑπάρχει·
1190 1018 1273 1072 χρὴ
1306 1018 1347 1060 δὲ
1378 1021 1434 1061 τοὶ
1465 1019 1565 1069 γἐἱς
1596 1016 1716 1067 θεούς

782 1090 903 1141 μηδὲν
935 1091 1138 1133 ἀσεπτεῖν.
1170 1090 1348 1142 μεγάλοι
1379 1090 1421 1132 δὲ
1453 1090 1564 1141 λόγοι

783 1161 982 1213 μεγάλοις
1013 1162 1183 1213 πληγὰς
1215 1165 1291 1204 τῶν
1323 1161 1566 1215 ὑπεραύχων

783 1234 889 1289 γήρᾳ
923 1234 968 1276 τὸ
1002 1236 1155 1287 Φρονεῖν
1186 1232 1389 1284 ἐδίδαξαν.

426 1304 495 1346 El.
535 1315 592 1359 47
633 1306 688 1348 de
729 1321 834 1348 vero
877 1308 1067 1360 periurio
1109 1314 1177 1349 est
1218 1320 1379 1359 sermo,
1431 1307 1647 1359 siquidem
1690 1307 1781 1349 iure
1823 1306 1978 1363 legitur
2019 1306 2076 1358 id,

366 1378 486 1430 quod
518 1378 694 1420 codices
725 1378 888 1420 habent
920 1393 1097 1420 omnes:

784 1447 974 1499 ἄγγελλε
1006 1449 1041 1491 δ’
1061 1448 1156 1502 ὅρκῳ
1188 1447 1423 1501 προστιθεὶς
1455 1446 1648 1491 ὁθούνεκα

782 1519 946 1572 τέθνηκ’
984 1520 1172 1574 Ὀρέστης
1204 1519 1249 1571 ἐξ
1279 1520 1513 1571 ἀναγκαίας
1542 1520 1691 1573 τύχης.

426 1592 685 1647 Legendum
727 1599 876 1634 tamen
917 1607 1078 1635 censeo
1111 1607 1211 1635 cum
1243 1594 1495 1649 Musgravio
1526 1591 1644 1644 ὄγκῳ,
1676 1595 1796 1646 quod
1827 1595 1863 1635 si
1896 1595 1958 1645 sit,
1991 1607 2079 1635 non

366 1664 550 1717 amplius
582 1665 637 1706 de
669 1665 859 1718 periurio
891 1679 1037 1707 sermo
1069 1673 1137 1707 est
1158 1663 1202 1719 ¹).

367 1805 429 1840 cui
467 1805 629 1842 adnotat
666 1806 864 1842 Wunde
880 1818 934 1843 ru
949 1819 967 1843 s
982 1807 1059 1843 -W
1074 1818 1094 1843 e
1110 1808 1171 1843 ck
1186 1807 1195 1843 l
1211 1818 1231 1843 e
1246 1808 1256 1843 i
1271 1807 1334 1852 ηδ,
1379 1810 1489 1852 1878:
1512 1807 1694 1844 Ceterum
1720 1806 1761 1839 δι’
1787 1807 1880 1847 ὅρκων
1905 1805 2082 1848 &rainone

366 1876 443 1901 non
483 1866 605 1912 magis
644 1867 887 1902 abundanter
924 1868 1071 1903 dictum
1109 1879 1226 1914 quam
1262 1868 1370 1914 quod
1408 1867 1696 1913 frequentatum
1729 1868 1778 1902 ab
1814 1867 1986 1902 Homero
2020 1870 2081 1902 est

367 1925 515 1960 dictum
541 1925 627 1967 ὅρκον
652 1927 782 1971 ὀμόσαι,
810 1926 850 1959 δι’
879 1927 972 1968 ὅρκων
999 1927 1206 1963 affirmatio
1232 1933 1292 1962 est
1318 1927 1366 1963 cf.
1394 1937 1485 1970 4273
1513 1926 1557 1962 O.
1585 1927 1626 1963 C.
1659 1929 1744 1972 1625
1771 1927 1863 1968 Φόβῳ
1887 1926 1995 1965 (Phil.
2012 1936 2079 1971 2²5

365 1982 458 2030 ὄκνῳ)
485 1983 663 2025 δείσαντες,

415 2044 542 2081 Causa
581 2057 668 2081 mea
706 2047 890 2093 opinione
929 2058 1006 2083 non
1033 2047 1187 2093 sufficit,
1214 2057 1282 2082 cur
1309 2052 1503 2082 mutemus
1530 2046 1711 2082 codicum
1738 2046 1958 2082 lectionem.
1983 2045 2081 2082 Cum

366 2104 2081 2151 Jebb,Wolff-Bellermann‚Weck1ein,aliislectionemtraditamservo.

420 2173 452 2204 1)
478 2165 654 2211 Plerique
695 2166 763 2200 Re
779 2166 790 2201 i
806 2178 824 2201 s
840 2166 902 2201 ke
929 2170 1054 2202 secuti
1082 2166 1158 2208 ὅρκῳ
1186 2171 1434 2202 mutaverunt
1461 2167 1498 2201 in
1525 2166 1610 2207 ὅρκον
1637 2165 1743 2210 quod
1768 2171 1898 2201 tamen
1926 2166 2082 2201 minime

366 2234 531 2260 necesse
570 2235 658 2261 esse
697 2226 905 2261 Vahlen
945 2227 1021 2261 iam
1061 2237 1162 2261 anno
1204 2228 1292 2270 ¹8⁷9
1326 2227 1474 2272 optime
1501 2226 1794 2261 demonstravit.
1821 2225 2082 2268 (Prooemium

367 2283 576 2319 lectionum
603 2286 819 2320 academie.
851 2284 955 2331 ¹879)
982 2286 1164 2329 idemque
1192 2285 1434 2321 confirmavit
1453 2288 1539 2328 1883
1555 2285 1619 2327 (cf.
1635 2284 1834 2331 Opuscula
1846 2284 2085 2320 Academica

367 2342 530 2379 Vahleni
561 2355 659 2388 1907,
686 2345 711 2389 1,
739 2356 775 2390 p.
805 2348 890 2388 203)
916 2345 1026 2391 plura
1052 2345 1232 2391 exempla
1258 2344 1423 2381 asserens
1449 2346 1486 2380 in
1513 2345 1652 2391 quibus
1666 2345 1925 2390 participium,
1938 2349 1981 2380 ut
1994 2343 2082 2380 loco

367 2401 536 2445 laudato,
563 2415 641 2440 non
667 2405 917 2440 coniunctum
945 2410 1006 2440 est
1031 2415 1119 2440 cum
1141 2405 1333 2440 vocabulo
1359 2405 1542 2450 apposito
1569 2404 1634 2447 (cf.
1662 2404 1823 2446 Anab.1,
1840 2413 1908 2449 533
1936 2403 2083 2440 Platon.

366 2461 486 2509 Legg.
513 2463 561 2509 X,
589 2475 626 2510 p.
653 2474 720 2509 905
747 2475 791 2510 a3
819 2465 967 2500 Lucian
995 2464 1175 2511 (Bekker,
1202 2475 1238 2510 p.
1269 2475 1346 2504 101,
1373 2463 1445 2508 24).
1505 2486 1516 2493 ο

415 2521 441 2556 S
455 2532 477 2557 c
491 2522 516 2557 h
530 2534 554 2558 n
569 2533 590 2558 e
605 2524 617 2558 i
632 2523 657 2558 d
672 2534 693 2559 e
710 2525 769 2558 wi
785 2536 808 2559 n
825 2546 839 2552 -
856 2524 888 2559 N
903 2535 924 2559 a
938 2535 963 2559 u
977 2534 998 2559 c
1014 2525 1039 2558 k
1052 2522 1068 2547 ⁴
1093 2525 1214 2569 (1893)
1241 2523 1406 2559 mutavit
1432 2522 1509 2565 ὅρκῳ
1534 2523 1723 2564 προστιθείς
1749 2523 1787 2558 ἰῃ
1811 2521 1886 2555 ἐίσω
1898 2522 2084 2564 προστιθείς

367 2582 565 2623 (προστιθείς
595 2597 632 2614 =
664 2582 885 2625 ψευδόμενος).

418 2641 511 2686 „Da,
550 2643 722 2688 adnotat,
767 2644 829 2679 die
870 2643 1092 2690 li'igenhafte
1129 2642 1311 2688 Meldung
1337 2653 1426 2678 vom
1451 2642 1562 2678 ‘rode
1589 2642 1658 2677 des
1683 2641 1846 2678 Orestes
1871 2643 1953 2686 (673
1981 2645 2084 2688 sqq.)

368 2702 476 2737 nicht
514 2702 656 2738 eidlich
691 2703 902 2749 bekraftigt
929 2703 1036 2744 wird,
1064 2713 1109 2738 so
1135 2704 1239 2737 kann
1264 2702 1347 2737 hier
1375 2713 1450 2737 von
1478 2701 1548 2736 der
1573 2701 1860 2747 Aufforderung
1886 2713 1931 2736 zu
1957 2701 2083 2737 einem

367 2762 536 2797 Meineid
574 2763 687 2797 keine
725 2762 834 2798 Rede
861 2762 981 2807 sein,”
1008 2773 1108 2809 quae
1134 2768 1264 2798 tamen
1294 2762 1376 2797 sola
1401 2773 1478 2797 non
1506 2761 1683 2797 sufficere
1713 2762 1804 2796 mihi
1831 2762 2010 2797 videntur
2034 2762 2084 2798 ad

368 2821 494 2857 locum
534 2822 784 2857 reiciendum.
823 2823 934 2858 Plura
971 2824 1073 2857 enim
1101 2822 1281 2868 exempla
1308 2821 1485 2867 leguntur
1512 2821 1616 2866 apud
1643 2821 1808 2856 eundem
1835 2821 2084 2866 Sophocleum

369 2891 390 2915 e
429 2881 569 2926 quibus
606 2886 770 2927 apparet
806 2882 908 2917 hunc
945 2893 1023 2917 non
1049 2892 1205 2927 semper
1232 2882 1305 2916 sibi
1331 2886 1513 2916 constare
1540 2882 1578 2915 in
1605 2881 1677 2915 hac
1705 2890 1759 2917 re.
1785 2879 1835 2915 Et
1860 2880 1949 2926 vigil
1976 2881 2084 2917 Anti-

369 2950 492 2985 gonae
531 2945 571 2975 et
606 2940 842 2976 Philoctetes
881 2947 919 2976 et
960 2941 1142 2976 Deianira
1179 2934 1313 2975 dicunt
1339 2940 1387 2975 de
1413 2940 1640 2975 iuramentis
1669 2950 1743 2974 non
1770 2939 1881 2975 datis.
1909 2939 1972 2986 (cf.
1994 2940 2083 2976 Ant.

370 3001 578 3042 329--388;
611 2999 769 3036 Philoct.
798 3002 869 3044 809
895 3012 980 3047 sqq.
1008 3021 1051 3025 —
1079 3011 1159 3044 941,
1191 3002 1301 3043 [3673
1329 2999 1467 3034 Trach.
1499 3002 1567 3042 3¹8
1594 3010 1678 3045 sqq.
1715 3018 1750 3023 -—
1781 3009 1871 3043 3775
1899 2999 1949 3036 cf.
1974 3010 2011 3045 p.
2026 3001 2085 3043 78.

416 3059 583 3094 Vahle
599 3071 623 3095 n
661 3061 830 3096 coniecit
866 3058 949 3102 ’έργῳ
988 3060 1220 3107 (Vahlen.
1259 3059 1280 3093 l.
1310 3059 1347 3104 l.)
1385 3059 1491 3104 quod
1531 3058 1604 3093 Me
1620 3069 1641 3093 c
1657 3058 1740 3093 kle
1758 3069 1775 3092 r
1812 3059 1973 3104 recepit.
1999 3059 2085 3095 Iure

369 3123 498 3153 tamen
536 3118 767 3154 Wolff-B
783 3119 890 3154 elle
906 3130 974 3154 rm
991 3130 1088 3154 ann
1105 3119 1128 3160 ⁴,
1167 3118 1348 3154 Teubner
1387 3121 1475 3160 1893
1503 3118 1687 3153 adnotat:
1713 3118 1841 3163 „Aber
1867 3128 1946 3153 was
1972 3117 2084 3154 sollte

370 3177 473 3212 denn
510 3177 572 3213 die
609 3178 882 3213 Wirklichkeit
916 3179 1023 3213 sein?
1062 3178 1134 3213 Die
1160 3188 1280 3224 ganze
1309 3177 1548 3214 Geschichte
1575 3178 1625 3212 ist
1648 3179 1687 3223 ja
1715 3177 1944 3213 erdichtet'’.
1970 3177 2085 3224 Legit

369 3236 453 3282 ipse
479 3235 578 3279 ὅρκῳε
607 3237 757 3284 „melde
783 3237 900 3274 ihnen
926 3237 1050 3274 durch
1077 3238 1190 3273 einen
1217 3237 1315 3274 Eid:
1342 3236 1528 3280 προστιθεῖς
1555 3236 1624 3283 (τὸν
1653 3235 1787 3278 b‘pxov).¹’
