2392 3750
1234 272 1290 313 92

402 394 516 437 nulla
564 408 608 434 re
642 408 667 435 a
698 393 916 446 promisso
949 392 1112 433 differt.
1146 391 1243 433 Deo
1275 404 1363 432 non
1396 397 1510 432 teste
1542 391 1760 440 invocato,
1794 393 1859 433 ius
1891 391 2120 434 iurandum

403 479 580 519 quoque
616 465 766 505 nititur
800 465 840 505 in
880 463 1085 516 opinione
1103 464 1209 514 eius,
1229 463 1303 517 qui
1322 463 1447 504 iuret.
1480 462 1711 504 Summum
1730 463 2120 516 perfectissimum-

403 550 488 590 que
523 536 719 577 veritatis
753 534 1055 575 testimonium
1089 547 1187 575 esse
1221 547 1308 575 non
1342 539 1504 586 potest.

467 606 677 648 Videmus
709 607 837 662 igitur
872 607 937 646 ius
975 606 1203 647 iurandum
1239 611 1282 646 et
1316 605 1449 647 fidem
1482 605 1679 647 eiusdem
1711 606 1885 661 generis
1902 618 1989 647 non
2007 618 2120 653 esse,

402 680 599 719 nituntur
628 678 669 718 in
687 678 986 718 fundamentis
1004 690 1184 730 prorsus
1202 677 1400 729 diversis,
1417 675 1601 718 alterum
1621 677 1662 717 in
1681 683 1903 730 potestate
1921 677 2119 728 deorum,

402 749 586 791 alterum
621 749 662 789 in
695 749 904 800 opinione
947 748 1149 789 hominis.
1183 747 1416 789 Praeterea
1448 748 1626 789 minime
1660 760 1748 789 non
1781 748 1989 790 cohaeret
2020 761 2120 790 curn

404 820 610 874 religione
643 819 752 861 fides
786 820 878 860 viro
912 818 1099 870 Graeco,
1133 820 1208 873 qui
1226 820 1492 874 tragicorum
1511 825 1656 860 aetate
1675 819 1849 860 vivebat
1866 819 2053 861 Athenis
2074 818 2120 873 ¹).

401 891 490 932 Iam
530 904 553 931 e
587 891 730 931 verbis
765 890 1037 945 Theognidis
1065 904 1196 943 supra
1214 890 1399 932 laudatis
1418 891 1462 931 id
1479 891 1744 943 apparebat:
1782 888 1922 936 Πίστις
1939 891 2120 932 descen-

401 963 526 1004 derat
559 962 614 1003 de
647 961 785 1012 coelo,
820 975 908 1016 quo
941 969 1101 1003 terram
1134 962 1385 1015 relinquens
1418 963 1717 1003 revertebatur
1736 958 1783 1013 ²).

464 1033 553 1084 „Es
584 1033 682 1085 ist,”
717 1033 808 1074 iure
841 1033 1117 1089 Nagelsbach
1149 1033 1174 1074 l.
1210 1034 1234 1074 l.
1268 1033 1422 1087 inquit,
1458 1034 1565 1084 „der
1598 1032 1792 1074 einzelne
1810 1033 1992 1075 Mensch
2010 1033 2122 1075 nach

401 1104 513 1146 allen
555 1105 706 1145 seinen
749 1104 1000 1146 Zustiinden
1043 1105 1132 1146 und
1175 1104 1523 1158 Verbaltnissen,
1557 1106 1598 1145 in
1633 1105 1839 1160 geistiger
1870 1106 1960 1146 und
1992 1106 2118 1146 sitt-

402 1176 587 1218 licher
629 1175 834 1217 Hinsicht
877 1189 962 1217 von
1006 1177 1085 1218 der
1117 1175 1320 1218 Gottheit
1353 1176 1610 1218 beherrscht
1643 1177 1732 1217 und
1764 1176 2034 1218 bestimmt.”
2068 1175 2121 1227 Is,

402 1249 476 1301 qui
508 1248 616 1288 deos
649 1254 864 1298 vereatur,
898 1247 1031 1289 fidem
1065 1261 1244 1301 quoque
1276 1260 1365 1288 non
1400 1247 1532 1299 fallet,
1566 1248 1648 1288 erit
1680 1248 2029 1289 honestissimus.
2082 1247 2121 1289 Is

402 1325 568 1369 contra,
617 1320 691 1372 qui
740 1320 849 1361 deos
897 1319 1077 1360 omnino
1122 1332 1210 1360 non
1256 1326 1392 1370 curet,
1437 1320 1541 1373 quin
1585 1332 1662 1360 eos
1705 1332 1803 1360 esse
1844 1332 1933 1360 non
1979 1325 2120 1372 putet,

402 1403 547 1444 neque
581 1403 733 1431 eorum
767 1391 1152 1440 contestationem,
1187 1391 1199 1431 i
1237 1405 1275 1431 e.
1309 1391 1623 1432 iusiurandum
1639 1390 1774 1443 pluris
1791 1390 1972 1432 habebit
1989 1403 2121 1445 quam

402 1461 544 1503 solum
577 1463 857 1515 promissum.
894 1461 939 1504 Si
972 1462 1055 1504 hoc
1090 1463 1323 1518 neglegere
1355 1463 1549 1515 audebit,
1583 1462 1714 1504 etiam
1748 1462 1983 1515 periurium
2016 1462 2121 1503 dare

402 1533 521 1574 nihili
554 1534 697 1574 faciet,
733 1533 800 1574 De
833 1547 887 1574 eo
919 1533 1034 1575 valet
1066 1533 1169 1575 illud
1187 1535 1480 1590 fragmentum
1498 1533 1797 1587 Sophocleum
1817 1530 1871 1589 ³):
1906 1530 2014 1583 ὅρκος
2037 1531 2121 1584 γὰρ

402 1603 528 1651 οὐδείς
558 1603 667 1656 οὲνδρὶ
702 1603 870 1658 <pamm
903 1602 1034 1655 βαρύς
1065 1606 1322 1659 optimeque
1354 1605 1447 1646 fieri
1479 1612 1643 1659 potest,
1687 1612 1734 1647 ut
1766 1605 1821 1646 de
1849 1605 1924 1646 tali
1954 1606 2047 1646 viro
2078 1605 2121 1646 in

402 1676 649 1732 fragmento
691 1677 901 1729 Aeschyli
943 1677 1110 1718 dictum
1156 1677 1234 1718 sit:
1279 1675 1348 1716 οὐκ
1389 1675 1527 1727 ἀνδρὸς
1570 1673 1672 1727 ὅρκοι
1705 1674 1840 1721 πίστις
1871 1674 1971 1716 ἀλλ’
2005 1672 2121 1726 ὅρκων

401 1746 511 1798 ἀνήρ,
561 1748 761 1802 quamvis
809 1747 1113 1790 difficillimum
1162 1749 1218 1789 sit
1259 1748 1423 1802 aliquid
1465 1762 1523 1789 ex
1565 1748 1685 1789 hisce
1722 1748 1866 1789 verbis
1910 1748 2120 1799 derivare,

402 1821 504 1874 quia
535 1821 671 1861 totius
703 1820 787 1861 loci
820 1825 1059 1861 contextus
1092 1832 1273 1872 prorsus
1307 1826 1374 1861 est
1408 1821 1598 1874 ignotus.

461 1891 583 1942 Viro,
618 1891 692 1945 qui
724 1892 832 1933 deos
865 1891 969 1932 nihil
1002 1898 1139 1942 curet,
1173 1892 1417 1933 iuramenta
1449 1892 1600 1932 inanes
1634 1897 1736 1932 sunt
1764 1889 1990 1942 formulae,
2008 1890 2123 1932 iusta

402 1963 645 2004 iuramenta
692 1976 782 2004 non
829 1962 1016 2015 amplius
1062 1963 1148 2004 dici
1194 1970 1393 2016 possunt.
1442 1962 1614 2018 Religio
1660 1962 1755 2003 sola
1797 1968 1877 2012 est,
1922 1962 2046 2003 cuius
2077 1961 2122 2002 in

402 2034 493 2076 iure
534 2035 719 2076 iurando
761 2035 946 2076 intersit.
992 2033 1089 2075 Hoc
1122 2035 1457 2076 fundamentum
1491 2035 1528 2075 si
1559 2033 1737 2085 tollitur,
1771 2034 1912 2075 forma
1942 2033 2122 2087 quidem

403 2113 614 2157 remanet,
649 2119 717 2147 res
750 2107 892 2147 abest.

460 2177 642 2219 Minime
689 2178 819 2233 igitur
860 2191 924 2229 ea,
958 2190 1071 2231 quae
1103 2177 1247 2218 Hirzel
1281 2191 1323 2230 p.
1363 2185 1439 2230 115
1476 2175 1627 2218 affert:
1663 2177 1770 2228 „der
1801 2176 1885 2218 Eid
1917 2176 2121 2218 bedurfte

401 2249 478 2290 der
510 2248 664 2291 Stiitze
697 2249 835 2290 durch
867 2249 938 2290 die
969 2248 1158 2302 Treue,’'
1194 2249 1450 2303 fragmentis
1481 2249 1667 2290 laudatis
1689 2248 1981 2290 demonstrari
1997 2254 2121 2301 puto,

400 2333 483 2362 nec
516 2320 724 2375 intellego
756 2321 942 2362 derivari
973 2333 1031 2361 ex
1063 2321 1113 2361 iis
1145 2333 1302 2373 posse:
1339 2320 1469 2371 „dass
1487 2321 1565 2361 der
1583 2319 1667 2362 Eid
1684 2333 1782 2361 zum
1798 2319 1916 2360 alten
1933 2318 2120 2361 Plunder

401 2405 454 2433 zu
486 2393 648 2434 werfen
679 2392 772 2433 sei'’
794 2389 838 2443 5).

454 2585 484 2631 ι)
513 2586 561 2621 cf.
594 2586 642 2622 de
669 2586 831 2631 legibus,
859 2585 1025 2621 morales
1051 2596 1151 2631 quae
1179 2586 1371 2627 dicuntur,
1399 2586 1503 2631 apud
1530 2585 1705 2622 Graecos
1733 2585 1916 2631 antiquos
1931 2583 2120 2629 Schmidt,

401 2646 521 2681 Ethik
547 2645 562 2681 I
587 2657 625 2692 p.
641 2656 731 2689 213;
760 2645 881 2680 Thuc.
910 2645 968 2690 III,
996 2649 1051 2687 82,
1079 2648 1125 2681 6:
1149 2645 1206 2677 καὶ
1231 2646 1290 2682 τὰς
1315 2646 1346 2682 ἐς
1370 2649 1459 2687 σφᾶς
1486 2644 1607 2682 αὐτοὺς
1631 2646 1757 2681 πίστεις
1781 2643 1816 2677 οὐ
1842 2651 1889 2687 τῷ
1901 2644 1979 2686 θείῳ
1992 2646 2121 2684 μᾶλλον

401 2703 611 2747 ἐκρατύνοντο
636 2703 655 2743 ’ἦ
681 2708 728 2746 τῷ
753 2708 844 2747 κοινῷ
869 2717 904 2737 τι
930 2707 1174 2746 παρανομῆσαι.

451 2764 484 2808 2)
511 2764 561 2799 cf.
600 2764 776 2810 Theogn.
819 2774 919 2808 ¹¹37-
958 2764 1166 2800 Praeterea
1192 2764 1372 2811 Nagelsb.
1399 2764 1547 2801 Nachh.
1574 2764 1708 2800 Theol.
1735 2775 1771 2810 p.
1799 2771 1949 2807 73-75.
1989 2762 2120 2798 Nestle

402 2823 757 2870 Weltanschauung
786 2824 856 2859 des
884 2824 1100 2871 Aischylos,
1128 2824 1235 2859 Neue
1261 2823 1390 2869 Jahrb.
1422 2823 1454 2858 11
1482 2834 1569 2868 ¹907
1595 2835 1632 2870 p.
1659 2834 1738 2867 3¹9-

449 2885 486 2926 3)
512 2882 555 2918 sr.
582 2886 662 2927 847.
1310 2911 1311 2915 ,

449 2946 485 2985 4)
512 2942 556 2978 fr.
584 2953 662 2987 394.
690 2942 797 2979 Idem
824 2943 1034 2979 dicendum
1060 2948 1122 2978 est
1149 2943 1199 2978 de
1226 2942 1366 2988 verbis,
1393 2952 1492 2989 quae
1519 2941 1674 2978 Solonis
1700 2942 1883 2978 dicuntur
1896 2940 2120 2978 Stob.Flor.

402 3000 600 3044 XXXVII,
627 3012 667 3045 31
698 3001 764 3049 (H.
792 3002 875 3049 3o);
903 3003 963 3049 111,
990 3012 1046 3047 79,
1074 3013 1093 3038 2
1121 3002 1183 3047 (H.
1211 3002 1237 3038 Ι.
1269 3001 1349 3048 ¹72)

782 3063 904 3103 τρόπου
929 3062 1185 3103 καλοκαγαθίαν
1210 3061 1301 3103 ὅρκου
1325 3060 1520 3102 πιστοτέραν
1545 3059 1607 3103 ’ἔχε
1633 3067 1674 3096 et

786 3119 941 3163 Φύλασσε
966 3122 1081 3163 τρόπον
1105 3121 1359 3162 καλοκαγαθίαν
1384 3120 1474 3163 ὅρκον
1499 3120 1709 3163 πιστοτέραν,

451 3177 486 3223 5)
512 3177 561 3213 cf.
589 3189 625 3224 p.
658 3182 734 3216 116.
