2392 3750
1187 319 1239 350 10

342 438 514 492 generis
560 445 694 492 atque
741 453 778 479 e.
811 452 850 493 g.
885 439 1013 480 Pluto
1046 445 1090 480 et
1118 439 1378 492 Proserpina
1398 439 1441 494 ¹).
1475 439 1637 481 Periuri
1680 446 1850 482 tantum
1884 442 1923 482 ei
1957 442 2063 483 dant

344 522 524 561 poenas.

402 579 604 634 Denique
641 582 818 635 quando
851 580 999 622 Hirz
1019 581 1070 622 el
1103 595 1143 622 o,
1178 581 1202 622 l.
1237 596 1279 635 p.
1306 583 1387 635 156
1421 582 1475 623 A.
1508 583 1641 624 dicit:
1677 583 1823 633 „denn
1856 584 2061 625 wahrend

343 653 418 693 wir
465 651 696 708 allerdings
746 654 871 693 einen
922 652 1004 693 Eid
1054 654 1123 694 bei
1171 652 1281 695 Gott
1314 654 1543 695 schworen
1576 654 1766 704 konnen,
1801 655 1856 695 ist
1890 656 1970 695 mir
2003 656 2059 696 im

343 722 657 764 Griechischen
709 724 778 764 die
828 723 1064 778 Wendung
1113 720 1221 774 ὅρκον
1269 722 1435 772 ὀμνύναι
1473 723 1556 764 Δία
1589 726 1698 766 oder
1729 726 1827 766 eine
1860 725 2061 768 ahnliche

342 795 462 836 nicht
510 796 772 850 begegnet'’‚
822 795 942 848 quod
989 795 1104 836 hunc
1153 796 1344 848 explicat
1393 798 1434 837 in
1477 797 1658 838 modum
1693 797 1824 847 „dasz
1858 810 1958 838 man
1992 798 2062 838 bei

342 862 450 915 ὅρκον
494 864 659 915 ὀμνύνκι
693 866 808 907 noch
842 867 939 907 eine
973 866 1162 908 dunkele
1198 868 1497 923 Empfindung
1533 870 1626 921 (der
1659 868 1949 924 eigentlichen
1983 869 2062 911 Be-

341 939 538 992 deutung
586 951 672 979 von
720 934 845 988 ὅρκσς)
896 938 1030 989 hatte,
1079 939 1169 980 und
1218 941 1339 981 diese
1382 937 1684 995 Empfindung
1725 940 1817 982 sich
1864 941 2062 982 straubte

342 1022 482 1064 gegen
530 1006 635 1060 ὅρκον
684 1007 847 1058 ὀμνύναι
897 1007 989 1058 Δία,
1035 1011 1202 1052 ebenso
1250 1012 1329 1052 wie
1363 1012 1425 1052 sie
1459 1012 1551 1053 sich
1584 1025 1723 1066 gegen
1759 1013 1829 1053 ein
1862 1012 2063 1053 offenbar

340 1082 554 1123 absurdes
606 1079 829 1122 Ποσειδῶνα
876 1079 1040 1128 ὀμνύναι
1091 1080 1172 1122 Δία
1203 1084 1430 1138 gestraubt
1465 1083 1605 1124 haben
1638 1084 1831 1133 wfirde”‚
1865 1083 2063 1125 oblivisci

341 1154 514 1195 videtur
532 1167 579 1194 se
598 1154 742 1206 ipsum
760 1154 1006 1195 laudavisse
1033 1167 1074 1195 o.
1093 1154 1116 1194 l.
1148 1168 1188 1207 p.
1221 1164 1297 1207 27:
1318 1154 1518 1210 Theogn.
1544 1164 1649 1208 1195
1671 1155 1828 1210 Bergk.
1847 1155 1891 1195 P.
1913 1154 1961 1195 L.
1982 1154 2061 1196 G.:

341 1226 446 1276 μήτε
493 1221 611 1270 θεοὺς
658 1222 833 1275 ἐπίορκον
877 1221 1091 1276 ἔνι-ὄμνυθι,
1126 1227 1246 1280 quod
1280 1227 1371 1268 iure
1406 1227 1531 1279 „eine
1564 1227 1761 1268 ahnliche
1795 1226 2060 1282 Wendung’'

341 1297 427 1338 dici
474 1310 606 1350 posse
654 1298 757 1338 mini
800 1298 984 1338 videtur.
1045 1297 1189 1338 Etiam
1225 1298 1260 1338 si
1294 1298 1456 1351 Hymn.
1492 1299 1534 1339 in
1566 1299 1700 1340 Merc.
1738 1307 1822 1350 274
1855 1298 2061 1354 legimus:

340 1366 373 1408 εἰ
420 1364 617 1415 δ’ἕθέλεις
649 1367 802 1419 πατρὸς
833 1367 1023 1418 κεφαλὴν
1056 1366 1191 1417 μέγαν
1225 1365 1330 1419 ὅρκον
1364 1369 1542 1418 ὀμοῦμαι
1575 1371 1691 1411 idem
1725 1377 1791 1410 est
1825 1371 2061 1411 observan—

340 1441 458 1481 dum.
514 1440 708 1481 Maxime
761 1446 910 1481 autem
961 1441 1118 1481 mirum
1166 1442 1352 1492 videtur,
1397 1442 1517 1495 quod
1560 1442 1701 1483 virum
1745 1441 2062 1494 lepidissimum

340 1510 546 1552 fefellisse
595 1512 768 1553 videtur
811 1512 944 1553 Eur.
987 1511 1086 1553 Hel.
1136 1526 1185 1553 vs
1226 1514 1335 1565 835:
1379 1511 1478 1553 ἁλλ’
1530 1510 1651 1562 ἁγνὸν
1700 1509 1806 1563 ὅρκον
1849 1511 1914 1553 σὸν
1956 1509 2062 1563 κάρα

338 1580 576 1634 κατώμοσα,
626 1583 746 1637 quod
793 1583 974 1624 omnino
1023 1583 1203 1639 intelligi
1250 1597 1338 1625 non
1387 1591 1550 1637 potest,
1597 1585 1631 1624 si
1673 1580 1780 1634 ὅρκος
1812 1585 1867 1625 sit
1900 1597 2062 1626 nomen

342 1654 412 1695 dei
447 1654 688 1695 cuiusdam.

399 1725 543 1766 Hirzel
593 1739 684 1767 rem
734 1739 916 1779 prorsus
966 1727 1239 1768 convertisse
1283 1727 1467 1769 videtur.
1518 1727 1640 1769 Deus
1673 1728 1883 1778 infernus,
1916 1726 2061 1778 ζὈρκος

337 1797 413 1851 qui
460 1798 631 1848 dicitur,
681 1798 946 1839 derivandus
991 1805 1059 1839 est
1105 1813 1130 1839 a
1162 1799 1254 1840 iure
1287 1800 1470 1840 iurando
1504 1806 1713 1854 tanquam
1746 1800 1831 1841 deo
1865 1800 2060 1851 inducto,

338 1869 458 1922 quod
507 1869 674 1922 optime
721 1869 1029 1911 demonstrant
1076 1869 1351 1924 Gruppe,
1402 1870 1476 1912 Gr.
1526 1871 1666 1924 Myth.
1709 1885 1750 1912 u.
1784 1871 1878 1913 Rel.
1911 1871 2061 1926 gesch.

338 1954 380 1994 p.
436 1941 547 1983 1086
593 1947 637 1982 et
668 1940 840 1983 Stoll
886 1943 1005 1995 apud
1055 1942 1266 1984 Roscher.
1316 1942 1429 1984 Lex.
1478 1943 1620 1996 Myth.
1667 1943 1695 1984 i.
1735 1956 1774 1984 v.
1823 1939 1944 1993 ὅρκος.
1979 1943 2060 1984 Est

338 2013 458 2067 quod
504 2012 860 2055 Schbmann
909 2013 1078 2070 Theog.
1128 2028 1171 2067 p.
1224 2015 1306 2066 136
1355 2015 1462 2056 dicit
1511 2016 1617 2066 „der
1659 2015 1744 2056 Eid
1776 2015 1819 2056 in
1851 2014 2060 2056 Person’'.

337 2084 493 2139 Neque
540 2099 638 2126 raro
685 2085 771 2126 tale
819 2087 924 2140 quid
971 2087 1015 2127 in
1059 2087 1152 2128 eius
1185 2087 1305 2128 modi
1338 2088 1591 2128 notionibus
1624 2087 1686 2128 fit.
1720 2087 1891 2128 Eodem
1924 2087 2060 2129 modo

337 2157 396 2198 dii
438 2158 694 2208 extiterunt,
742 2158 798 2198 de
845 2158 1006 2211 quibus
1054 2157 1314 2211 Gruppe
1361 2159 1446 2199 0.l.
1480 2172 1522 2211 p.
1563 2159 1669 2211 1065
1705 2172 1802 2212 sqq.
1836 2159 2060 2212 copiosius

336 2229 426 2283 agit
459 2241 520 2269 sc.
568 2228 886 2281 Charites,
922 2229 1093 2281 Eros,
1129 2230 1393 2282 -Moirae‚
1437 2230 1694 2272 Themis
1736 2230 1942 2284 idemque
1974 2230 2060 2271 dici

337 2306 486 2354 potest
535 2301 591 2342 de
638 2301 734 2356 dea,
771 2298 883 2351 ’Ὲρις
914 2315 1028 2355 quae
1077 2309 1270 2352 vocatur,
1321 2316 1455 2356 quam
1497 2302 1720 2343 Hesiodus
1767 2301 1937 2357 Theog.
1975 2302 2060 2343 226

337 2369 446 2424 ὅρκου
495 2373 601 2414 dicit
647 2379 848 2414 matrem.
910 2373 1011 2414 Non
1061 2387 1164 2414 vere
1211 2380 1314 2415 sunt
1363 2374 1434 2424 dii,
1484 2380 1693 2427 tanquam
1743 2373 1802 2415 dii
1852 2374 1987 2414 modo
2034 2387 2060 2414 a

337 2445 480 2498 poetis
513 2445 805 2498 inducuntur3
838 2451 906 2486 est
939 2445 1267 2498 personificatio
1301 2459 1413 2499 quae
1445 2452 1602 2498 postea
1635 2445 1804 2486 dicitur.

397 2515 531 2569 Quod
572 2517 608 2556 si
650 2530 803 2558 verum
846 2523 928 2568 est,
975 2517 1134 2558 mirum
1177 2530 1266 2558 non
1312 2518 1497 2567 videtur,
1531 2518 1664 2558 deum
1693 2515 1838 2567 Ὅρκον
1868 2517 2058 2558 eundem

337 2600 425 2628 non
472 2600 647 2640 semper
689 2601 736 2628 se
769 2590 995 2640 praebere.
1029 2589 1217 2630 Multum
1252 2589 1369 2629 enim
1401 2589 1585 2630 interest
1616 2589 1729 2629 inter
1763 2589 1894 2629 deum
1928 2589 2059 2630 infer-

336 2672 454 2709 num,
497 2659 602 2708 πῆμ’
646 2656 846 2710 ἐπιορκίοις
888 2673 1021 2714 quem
1065 2660 1288 2701 Hesiodus
1333 2667 1462 2702 vocat
1497 2659 1613 2713 Opp.
1655 2661 1741 2710 804
1774 2667 1816 2700 et
1850 2660 2059 2702 comitem

335 2730 463 2782 Iovis,
516 2728 608 2776 Διὸς
654 2728 799 2782 Ὅρκος
842 2732 917 2785 qui
959 2746 984 2773 a
1015 2730 1238 2784 Sophocle
1271 2731 1327 2773 O.
1365 2731 1412 2773 C.
1454 2732 1561 2784 1767
1600 2730 1825 2785 dicitur,'²)
1859 2732 1933 2786 qui
1965 2732 2059 2773 viro

335 2802 401 2842 ius
458 2802 688 2844 iurandum
736 2803 928 2845 servanti
977 2804 1130 2844 favens
1178 2817 1279 2845 cum
1322 2803 1493 2856 superis
1535 2803 1655 2844 vivit.
1715 2803 1785 2844 Ius
1827 2804 2060 2845 iurandum

335 2872 468 2928 vulgo
499 2874 542 2914 in
576 2880 691 2915 terra
725 2875 901 2925 iuratur,
935 2875 1135 2916 homines
1168 2875 1284 2916 hunc
1333 2875 1377 2915 in
1410 2875 1591 2916 modum
1627 2888 1758 2928 quam
1790 2876 1984 2916 maxime
2010 2888 2059 2916 se

388 3054 419 3098 1)
447 3054 679 3101 Gruppe.
708 3055 772 3092 Gr.
801 3057 959 3104 Mythol.
986 3069 1022 3092 u.
1050 3057 1130 3092 Rel.
1159 3058 1290 3104 gesch.
1319 3059 1356 3092 in
1385 3058 1514 3093 indice
1533 3069 1675 3094 nomen
1690 3058 1775 3099 ὅρκος
1788 3059 1889 3093 inter
1903 3058 2061 3094 nomina

336 3114 496 3159 propria
521 3114 693 3160 laudans,
721 3116 872 3151 addin?
908 3116 966 3152 De
994 3118 1070 3152 deo
1095 3122 1203 3159 “Opmp
1231 3118 1280 3152 cf.
1308 3124 1516 3163 praeterea
1543 3117 1685 3153 Stoll
1712 3129 1743 3153 a.
1771 3118 1948 3153 Roscher
1974 3129 2010 3153 o.
2035 3117 2058 3154 l.

335 3179 375 3209 et
402 3173 930 3221 Ellendt—Gentem,
961 3177 1056 3212 Lex.
1085 3177 1236 3223 δορὴ.ἱι
1265 3178 1287 3213 i.
1314 3189 1347 3213 v.
1374 3177 1489 3219 Ὅρκος

385 3235 420 3275 2)
447 3233 495 3268 cf.
524 3233 653 3269 Hirzel
681 3235 753 3271 o.1.
779 3246 867 3282 pgg.
899 3246 963 3278 14²
992 3241 1032 3271 et
1062 3247 1138 3282 ¹45·
