2392 3750
1171 307 1220 338 12

336 431 604 473 Accusativo
647 429 851 484 coniungi
911 427 1036 470 solet.
1086 427 1366 482 Quamquam
1417 428 1459 469 in
1509 434 1741 482 poetarum
1787 429 2054 484 tragicorum

337 503 533 543 versibus
576 500 807 554 aliquoties
857 506 1104 552 usurpatur,
1149 512 1237 540 non
1284 513 1417 553 saepe
1459 500 1628 554 legitur.
1688 499 2055 554 Aeschylus

337 573 472 614 semel
521 585 616 614 earn
664 571 797 612 habet
844 584 905 612 sc.
939 569 1022 624 Ag,
1064 580 1196 622 1433;
1246 570 1611 624 Sophocles
1660 572 1727 613 bis
1768 571 1833 613 El.
1868 572 1967 621 881,
2003 571 2055 612 fr.

343 646 436 697 136.
461 643 491 697 1)

395 716 535 757 Multo
567 715 741 767 saepius
773 717 921 754 autem
954 713 997 754 in
1030 714 1267 768 tragoediis
1300 713 1381 755 Eu
1401 715 1677 767 ripideis
1704 715 1944 767 invenitur;
1973 728 2055 758 nec

335 794 483 828 tamen
531 793 598 827 est
646 785 994 827 obliviscendum
1043 786 1098 826 de
1142 785 1267 826 huius
1316 792 1475 838 poetae
1524 785 1681 827 fabulis
1729 786 1866 828 multo
1910 787 2056 840 plures

336 871 582 911 superesse,
629 870 761 911 quam
794 857 978 898 aliorum
1027 863 1271 910 poetarum.
1305 856 1465 898 Decies
1498 859 1662 911 septies
1695 858 1951 911 particulam
1983 873 2056 900 ex·

337 931 458 971 hibet
505 943 564 971 sc.
616 929 731 970 Med.
778 938 876 980 395,
917 936 1051 981 1059,
1086 928 1219 981 Hipp.
1255 938 1366 981 307;
1400 928 1538 970 Andr.
1571 939 1683 980 934;
1717 929 1880 972 Phoen.
1920 931 2055 984 10063

337 1002 426 1043 Ion.
468 1002 602 1054 1528;
639 1000 729 1053 Iph.
763 999 817 1041 A.
855 1009 954 1052 739,
987 1001 1099 1052 948;
1132 999 1254 1053 Cyel.
1286 1011 1329 1052 9,
1368 1010 1462 1052 154,
1497 1000 1594 1052 262,
1633 1008 1730 1053 555,
1766 1002 1863 1053 558,
1900 1002 1997 1054 560.

396 1073 476 1114 Vis
518 1073 692 1125 saepius
726 1077 794 1112 est
826 1072 1043 1125 negativa,
1077 1085 1346 1125 quamquam
1379 1085 1468 1113 non
1500 1085 1676 1125 semper
1710 1085 1809 1114 curn
1844 1072 2057 1126 particula

337 1143 378 1185 οὐ
412 1145 696 1186 coniunctum
730 1143 900 1198 legitur.
933 1142 1155 1196 Quattuor
1187 1149 1359 1184 tantum
1387 1143 1493 1184 locis
1512 1144 1572 1184 ita
1599 1144 1817 1185 invenitur
1843 1157 1904 1185 sc.
1932 1143 2056 1185 Eur.

337 1216 440 1257 Med
489 1225 598 1268 395;
629 1214 748 1267 Cyel.
782 1225 823 1266 9,
863 1224 957 1266 154,
996 1215 1102 1267 56o;
1139 1214 1230 1267 Iph.
1265 1214 1317 1255 A.
1353 1225 1440 1267 739
1473 1229 1577 1256 sane
1608 1216 1827 1256 sententia
1855 1215 2058 1270 negativa

337 1288 475 1338 deest,
505 1288 764 1328 subauditur
796 1292 958 1327 autem.
990 1285 1300 1342 Agamemnon
1333 1287 1449 1327 enim
1482 1287 1604 1328 iubet
1635 1283 1772 1340 πιθοῦ,
1806 1287 1926 1340 quod
1957 1285 2058 1340 Cly-

337 1364 606 1400 taemnestra
634 1371 854 1408 recusans,
888 1359 1152 1411 respondet:

825 1427 889 1479 μὰ
921 1427 994 1476 τὴν
1027 1426 1208 1470 ἄνασσαν
1242 1428 1434 1480 Ἀργείαν
1468 1426 1570 1470 θεάν

694 1498 828 1542 ἐλθὼν
862 1499 910 1542 σὺ
943 1498 1057 1550 τᾶξω
1089 1501 1257 1552 πρᾶσσε,
1290 1498 1365 1542 τᾶν
1396 1499 1530 1550 δόμοις
1561 1499 1693 1550 δ’ἐγώ.

396 1580 559 1621 Phoen.
597 1581 709 1621 1006
739 1580 847 1620 item
895 1580 959 1620 vis
991 1580 1195 1634 negativa
1229 1580 1371 1620 verbis
1404 1579 1632 1620 Menoecei
1664 1580 1789 1620 inest.
1824 1579 1940 1620 Patri
1970 1591 2059 1620 non

337 1652 630 1705 obtemperat,
664 1652 743 1692 sed
774 1653 939 1692 iuratus
971 1664 1034 1692 vs.
1082 1661 1214 1702 1009:

607 1723 706 1764 ἀλλ’
741 1717 838 1774 εἶμι,
872 1723 1027 1777 inquit,
1060 1720 1127 1763 καὶ
1161 1720 1266 1769 στὰς
1302 1719 1346 1770 ἐξ
1377 1719 1582 1770 ἐπάλξεων
1615 1719 1742 1773 ἄκρων

607 1791 778 1847 σφάξας
811 1793 986 1844 ἐμαυτὸν
1018 1792 1132 1845 σηκόν
1166 1802 1250 1836 etc.

398 1874 510 1916 Cum
544 1873 756 1926 particula
788 1870 854 1913 ναί
884 1874 1057 1914 duobus
1090 1879 1262 1914 tantum
1296 1873 1405 1915 locis
1439 1873 1745 1928 coniungitur:
1777 1872 1859 1913 Eu
1878 1886 1910 1913 r.
1938 1870 2059 1925 Cyel.

339 1960 424 1988 vss.
463 1954 541 1998 555
578 1952 621 1986 et
659 1946 756 1998 558.

398 2018 509 2059 Fere
557 2018 716 2058 eodem
763 2017 897 2058 modo
945 2017 1074 2072 igitur
1121 2023 1281 2069 poetae
1322 2017 1474 2072 tragici
1506 2017 1587 2057 hac
1619 2015 1830 2069 particula
1863 2021 2059 2068 utuntur,

338 2103 427 2144 quo
452 2090 696 2131 secundum
724 2089 769 2130 M
787 2089 887 2129 ein
905 2088 933 2129 h
950 2102 975 2129 a
993 2102 1011 2129 r
1030 2089 1058 2129 d
1077 2095 1094 2129 t
1121 2089 1177 2129 ab
1204 2088 1297 2129 aliis
1326 2089 1615 2141 scriptoribus
1640 2094 1890 2140 usurpatur,
1909 2100 2061 2141 quam·

338 2175 470 2216 quam
504 2162 539 2202 is
573 2160 711 2202 solam
749 2160 896 2202 laudat
929 2160 1161 2201 formulam
1194 2157 1258 2209 μοὶ
1293 2157 1434 2206 Δία.2)

873 2283 918 2335 β.
967 2286 1051 2328 De
1098 2285 1430 2339 particula
1461 2284 1532 2325 οὐ.

399 2393 614 2435 Particula
645 2393 686 2434 οὐ
719 2394 878 2435 eodem
912 2393 1047 2434 modo
1081 2399 1216 2447 atque
1249 2389 1311 2442 μοὶ
1348 2393 1391 2433 in
1434 2392 1528 2433 iure
1571 2391 1753 2433 iurando
1787 2405 1887 2432 cum
1921 2390 2061 2433 Accu-

340 2466 480 2506 sativo
513 2466 702 2507 nominis
736 2466 829 2507 eius
877 2471 1127 2518 usurpatur,
1171 2478 1251 2517 per
1291 2477 1424 2518 quem
1459 2463 1556 2517 quis
1590 2463 1714 2504 iurat.
1779 2462 2060 2515 Kiihner,

340 2631 446 2676 quod
473 2636 562 2666 ante
588 2632 664 2667 iam
691 2633 847 2667 dixerat
872 2631 1119 2678 Nagelsb.
1147 2630 1196 2665 ad
1222 2629 1259 2666 ΙΙ.
1306 2629 1468 2666 Observ.
1494 2629 1520 2674 I,
1546 2630 1603 2672 86,
1630 2639 1666 2673 p.
1694 2638 1757 2672 45:
1785 2627 1865 2671 „Ita
1891 2627 1993 2662 enim
2020 2626 2062 2662 fit

340 2690 626 2737 perspicuum”‚
653 2691 716 2726 hic
743 2693 868 2737 inquit
895 2701 996 2737 „quo
1010 2691 1128 2726 modo
1155 2693 1334 2735 usurpari
1362 2690 1488 2735 possit
1513 2692 1562 2730 μά
1585 2698 1673 2723 cum
1690 2687 1939 2731 Accusativo,
1955 2686 2062 2732 quod

340 2761 393 2787 sc.
433 2752 548 2792 ὄμνυμι
587 2758 647 2786 est
686 2752 884 2792 omissum,
924 2751 970 2786 ct.
1011 2756 1216 2796 praeterea
1248 2749 1540 2790 Prellwitz,
1580 2748 1642 2782 Et.
1670 2747 1861 2782 Worterb.
1889 2750 1912 2781 i.
1942 2758 1975 2782 v.
2000 2750 2060 2788 μά,

341 2811 660 2857 Brugmann,
688 2811 814 2846 Kurze
842 2810 969 2856 Vergl.
1002 2810 1172 2846 Gramm.
1200 2809 1236 2846 d.
1262 2809 1394 2854 Indog.
1422 2808 1508 2854 Spr.
1535 2819 1571 2853 p.
1599 2810 1678 2842 622.

393 2872 424 2914 1)
450 2871 590 2905 Iniuria
617 2871 841 2915 Hartung
866 2869 923 2905 El.
956 2880 1044 2913 1239
1069 2869 1239 2904 coniecit
1266 2868 1470 2915 legendum
1501 2877 1588 2902 esse
1615 2866 1665 2908 μά
1693 2866 1739 2902 cf.
1766 2866 1914 2901 Kaibel.
1943 2865 2061 2912 Soph-

341 2930 508 2972 Electra,
535 2930 706 2976 Leipzig,
739 2929 921 2964 Teubner
952 2931 1040 2979 1896
1070 2929 1119 2964 ad
1145 2929 1286 2964 locum.

388 2989 444 3025 El.
477 2992 564 3032 1063
605 2990 762 3025 codices
788 2990 956 3025 habent:
996 2988 1032 3021 οὐ
1058 2990 1107 3030 μὰ
1131 2987 1208 3022 τάν.
1247 2987 1343 3027 Cum
1369 2987 1554 3023 Turnebo
1588 2986 1675 3032 lego
1701 2984 1738 3017 οὗ
1764 2989 1822 3017 τάν
1848 2985 1898 3021 cf.
1924 2985 2063 3021 Kaibel

341 3061 374 3085 o.
390 3049 412 3085 1.
438 3050 488 3084 ad
515 3049 654 3084 locum.

390 3113 426 3151 2)
453 3108 634 3144 Formula
672 3110 719 3150 μὰ
755 3110 819 3153 τόν,
846 3119 963 3154 quam
991 3108 1119 3153 Schol,
1148 3107 1239 3142 Plat.
1269 3106 1385 3153 Gorg.
1416 3109 1495 3151 466,
1525 3106 1620 3140 dicit
1653 3107 1867 3141 ἐλλειπτικῶς
1892 3115 1915 3139 a
1941 3103 2063 3140 Grae-

339 3169 396 3203 cis
430 3172 654 3213 usurpatam
690 3178 776 3203 esse
815 3167 1002 3213 (εὐλαβείας
1027 3166 1139 3214 χάριν)
1167 3167 1272 3213 apud
1299 3166 1470 3213 tragicos
1498 3170 1637 3212 poetas
1664 3164 1767 3200 nulio
1794 3163 1882 3199 loco
1911 3162 2061 3210 legitur.

340 3228 482 3264 Postea
507 3228 663 3273 saepius
689 3227 957 3263 adhibebatur.
