2392 3750
782 756 1049 830 Pars
1118 754 1512 828 altera.

785 1096 812 1134 Ι.
870 1095 936 1134 De
965 1097 1139 1133 natura
1168 1093 1284 1132 iuris
1314 1090 1513 1131 iurandi.

350 1220 602 1276 Antequam
649 1222 694 1262 in
740 1221 820 1262 hac
868 1219 1175 1274 disquisitione
1221 1218 1278 1259 ad
1326 1218 1414 1258 vim
1462 1221 1507 1257 et
1554 1214 1863 1257 auctoritatem
1896 1213 2006 1254 iura-

292 1294 428 1335 menti
461 1293 787 1349 investigandas
819 1291 1064 1347 adgrediar,
1114 1291 1169 1332 de
1200 1291 1295 1343 ipsa
1327 1289 1430 1331 iuris
1462 1287 1633 1330 iurandi
1678 1292 1835 1328 natura
1866 1297 2008 1338 pauca

292 1372 394 1406 sunt
427 1365 624 1406 dicenda.

351 1435 485 1478 Hisce
534 1435 853 1489 posterioribus
898 1434 1174 1487 temporibus
1206 1432 1423 1486 permulta
1446 1430 1474 1484 ¹)
1507 1432 1563 1474 de
1596 1431 1676 1472 hac
1708 1435 1865 1470 natura
1906 1433 2008 1469 sunt

292 1508 514 1560 disputata
561 1520 741 1561 prorsus
786 1507 958 1548 diversa
1005 1506 1062 1546 ab
1109 1506 1173 1556 iis,
1222 1517 1335 1559 quae
1384 1506 1430 1545 et
1478 1503 1717 1556 scriptores
1763 1500 1933 1554 antiqui
1965 1505 2008 1540 et

292 1579 563 1632 posteriores
605 1570 802 1632 plerique
847 1578 1024 1627 docent,
1076 1590 1189 1631 quae
1221 1575 1396 1617 silentio
1426 1574 1751 1628 praeterissem,
1784 1571 1867 1613 nisi
1898 1570 2009 1612 anti-

292 1664 494 1704 quorum,
528 1664 628 1692 cum
660 1650 857 1700 aliorum,
890 1655 985 1690 tum
1016 1650 1284 1704 tragicorum
1316 1647 1423 1688 locis
1455 1645 1609 1696 allatis,
1643 1645 1875 1699 opiniones
1907 1655 2008 1684 suas

293 1722 554 1764 confirmare
587 1729 863 1763 conarentur.
897 1720 1023 1762 Hanc
1056 1733 1162 1761 vero
1194 1720 1252 1760 ob
1285 1731 1462 1761 causam
1494 1730 1678 1758 necesse
1710 1715 1854 1757 habeo
1887 1713 2007 1767 copi-

293 1795 412 1836 osius
459 1794 515 1835 de
562 1794 642 1835 hac
689 1794 920 1835 iuramenti
965 1798 1119 1834 natura
1166 1804 1297 1846 agere
1331 1802 1475 1844 neque
1507 1788 1670 1830 sufficit
1702 1786 2009 1830 definitionem

294 1865 517 1921 vulgarem
548 1864 722 1906 referre.

353 1936 498 1978 Primo
529 1937 722 1978 breviter
754 1936 1094 1990 perpendamus,
1141 1934 1247 1989 quid
1279 1933 1335 1975 de
1368 1933 1460 1974 iure
1492 1931 1678 1974 iurando
1725 1930 2008 1984 antiquorum

293 2008 448 2062 optimi
479 2009 716 2061 scriptores
747 2007 953 2058 dixerint,
1001 2006 1162 2048 deinde
1197 2005 1303 2059 quid
1344 2004 1630 2058 posteriores,
1663 2016 1776 2058 quae
1815 2002 2010 2055 denique

295 2082 576 2123 conferamus
609 2093 708 2121 cum
741 2080 806 2130 iis,
839 2092 952 2134 quae
987 2077 1148 2129 Hirzel,
1179 2076 1374 2132 Stengel,
1408 2077 1478 2118 alii
1509 2076 1711 2118 doceant.

355 2166 393 2193 a.
446 2150 514 2193 De
544 2150 758 2205 antiquis.
822 2150 952 2192 Haud
985 2151 1169 2192 dubium
1204 2155 1285 2199 est,
1314 2149 1419 2203 quin
1453 2148 1565 2189 inter
1597 2147 1802 2200 antiquos
1833 2159 2012 2200 quoque

295 2225 470 2274 fuerint,
505 2224 579 2278 qui
612 2225 668 2265 de
701 2225 793 2265 iure
826 2223 1010 2265 iurando
1044 2222 1312 2276 scripserint,
1346 2233 1535 2275 quorum
1567 2233 1703 2273 opera
1729 2219 1831 2260 licet
1865 2219 2013 2260 omnia

295 2297 516 2350 perierint,
550 2309 639 2337 non
671 2308 811 2349 pauca
857 2301 1048 2336 aetatem
1097 2294 1290 2336 tulerunt
1323 2293 1367 2334 in
1399 2293 1451 2334 iis
1484 2292 1673 2345 scriptis,
1724 2304 1837 2345 quae
1869 2304 1929 2332 ex
1961 2291 2012 2332 iis

296 2375 399 2410 sunt
432 2368 587 2410 hausta
618 2374 663 2409 et
695 2368 751 2409 ad
784 2380 866 2408 nos
899 2372 1195 2420 pervenerunt
1213 2362 1260 2419 2).
1325 2364 1387 2406 Ita
1434 2369 1809 2406 commentatores
1840 2362 2013 2404 Aristo-

297 2440 451 2494 phanis
483 2438 755 2493 aliorumque
788 2439 1054 2491 scriptorum
1086 2438 1260 2490 saepius
1293 2437 1360 2477 ius
1393 2435 1623 2477 iurandum
1656 2434 1878 2476 declarare
1909 2447 2014 2476 con-

297 2519 434 2553 antur.
500 2510 601 2552 Non
643 2510 830 2552 multum
869 2510 976 2551 lucis
1007 2516 1155 2551 autem
1203 2508 1395 2550 afferunt
1440 2507 1522 2548 hae
1555 2506 1890 2558 annotationes;
1923 2505 2014 2559 ple-

297 2595 483 2637 rumque
516 2596 574 2624 ex
605 2583 711 2635 ipsis
759 2582 1025 2635 scriptorum
1059 2581 1204 2622 verbis
1251 2587 1319 2621 est
1351 2579 1653 2629 derivandum,
1698 2579 1805 2632 quid
1834 2578 1890 2619 de
1922 2578 2014 2620 iure

298 2654 482 2696 iurando
530 2654 830 2696 iudicaverint.
892 2653 1160 2695 Accuratam
1207 2651 1551 2704 descriptionem
1599 2650 1667 2691 vel
1713 2649 2014 2691 definitionem

299 2739 514 2779 nusquam
549 2726 640 2767 sere
674 2725 882 2767 invenies.
915 2725 1070 2779 Neque
1087 2737 1200 2778 quae
1218 2722 1400 2765 Stobaei
1418 2721 1672 2777 Anthologii
1691 2720 1827 2775 Capp.
1846 2720 2015 2763 XXVII

300 2804 343 2838 et
394 2797 581 2839 XXVIII
628 2796 830 2852 leguntur
873 2796 1058 2839 multum
1095 2796 1284 2837 afferunt
1313 2795 1433 2845 lucis,
1477 2793 1676 2848 quamvis
1709 2793 1855 2848 magni
1887 2793 2015 2847 pretii

300 2869 501 2910 habenda
543 2870 644 2911 sint.
702 2867 890 2924 Collegit
922 2869 1038 2910 enim
1072 2866 1322 2920 complures
1354 2865 1476 2907 locos
1509 2865 1577 2906 hic
1610 2863 1798 2919 plurium
1831 2865 2015 2918 scripto-

355 3037 388 3078 ι)
413 3034 460 3071 cs.
489 3035 649 3070 Hirze
666 3035 686 3071 1.
713 3046 748 3072 ο.
776 3034 785 3070 l
824 3034 991 3081 Steng
1008 3034 1064 3069 el.
1095 3034 1163 3069 Gr.
1193 3030 1467 3069 Cultusaltertlt.
1496 3029 1600 3076 apud
1627 3029 1728 3065 lwan
1756 3029 1890 3065 Miiller
1915 3029 1960 3072 V,
1984 3040 2015 3074 3.

351 3094 386 3139 2)
413 3094 461 3130 cf.
489 3095 539 3130 Zi
557 3095 753 3130 ebarth
780 3106 813 3130 ο.
839 3095 859 3130 l.
887 3106 912 3140 p
951 3093 997 3139 7¹.
1026 3094 1091 3140 qui
1117 3104 1166 3128 ex
1195 3092 1354 3128 scholiis
1380 3090 1656 3136 Aristophanis
1681 3089 1863 3135 exempla
1886 3089 2014 3126 affert:

303 3154 400 3190 Nub.
427 3156 483 3197 83,
515 3158 591 3198 108,
623 3165 709 3197 ηις
736 3154 830 3190 Ran.
862 3164 975 3198 ¹37⁴}
1003 3153 1075 3199 Eq.
1101 3155 1194 3197 8⁴33
1220 3152 1338 3197 Vesp.
1366 3154 1421 3193 83,
1454 3152 1562 3194 ¹⁴38}
1589 3150 1675 3185 Pac.
1705 3152 1783 3193 267.
1811 3149 2017 3185 Praeterea

303 3214 435 3250 Schol.
470 3214 636 3251 Theocr.
664 3223 743 3259 5¹⁴.
772 3214 897 3261 Vulgo
924 3213 1015 3249 addi
1041 3213 1159 3254 κυρίως,
1183 3211 1333 3253 εὐλόγως,
1357 3209 1485 3246 elxam-ue
1512 3209 1647 3256 inquit,
1675 3219 1744 3255 per
1771 3209 1887 3245 deum
1914 3209 2016 3245 hune

302 3274 461 3315 iuratur,
487 3284 574 3309 nam
602 3299 610 3308 .
637 3302 644 3310 .
674 3299 682 3308 .
710 3301 718 3309 .
745 3285 833 3320 sqq.
