2326 3718
1188 299 1271 341 116

427 429 521 484 Iph.
557 428 606 472 T.
639 438 738 484 735.
771 429 1038 486 Iphigeniam
1069 443 1094 471 a
1127 429 1288 484 Pylade
1319 430 1385 471 ius
1417 430 1646 472 iurandum
1677 430 1898 484 postulare
1923 437 2078 474 notum

367 508 448 545 est.
490 502 741 544 Notandum
776 508 924 543 autem
957 502 1129 543 videtur
1159 500 1380 555 Pyladem,
1414 502 1600 544 veritum
1632 515 1687 543 ne
1718 502 1884 555 peierat
1916 515 2078 556 excep-

366 574 532 615 tionem
580 574 724 614 facere
757 571 802 625 1).
851 573 1099 614 Iuramento
1145 573 1253 614 liber
1290 586 1388 614 esse
1423 573 1543 626 cupit
1573 571 1617 621 ἤν
1647 587 1686 614 τι
1718 575 1815 620 ναῦς
1848 574 1907 625 χὴ
1939 571 2080 621 δέλτος

367 644 405 684 ἐν
447 642 612 686 κλύδωνι
658 678 666 688 .
703 677 711 686 .
747 677 756 686 .
791 677 799 685 .
843 643 1007 696 ἀφανής
1048 643 1224 695 γένηται,
1259 656 1345 697 qua
1377 645 1432 686 de
1463 658 1595 686 causa
1625 658 1713 686 non
1746 646 1900 687 iniuria
1932 644 2077 687 Hirzel

366 729 467 757 eum
514 722 643 757 vocat
694 717 806 771 „den
853 714 1369 767 stockorthodoxen”2),
1417 717 1580 769 quippe
1617 717 1692 769 qui
1724 716 2078 758 manifestissime

366 787 486 829 hisce
527 788 671 829 verbis
713 788 970 839 ostenderit,
1013 788 1164 840 quanti
1203 787 1269 829 ius
1310 788 1540 829 iurandum
1571 800 1660 829 non
1694 788 1856 830 servari
1889 794 2075 841 putaret.

426 857 537 913 Cycl.
582 860 680 900 262.
728 858 888 901 Seileni
931 871 1071 912 aeque
1103 873 1154 901 ac
1191 859 1309 912 apud
1339 858 1606 912 Sophoclem
1643 859 1807 901 Lichae
1839 860 2076 913 periurium

366 931 568 973 consulto
615 931 767 973 datum
815 938 1188 973 commemoratur
1237 929 1449 988 (ἀπώμοσ’
1495 962 1505 972 .
1539 962 1550 972 .
1585 963 1594 971 .
1631 963 1638 970 .
1686 932 1856 986 inquit).
1905 930 2076 974 Chorus

365 1003 542 1055 quidem
575 1002 867 1044 iuramentum
899 1016 1026 1044 suum
1059 1003 1258 1056 opponit,
1293 1003 1454 1044 frustra
1484 1009 1645 1045 tamen.

423 1074 617 1116 Omnino
663 1074 901 1127 periurium
946 1073 1107 1116 Seileni
1150 1087 1240 1115 non
1282 1075 1555 1127 improbatur
1586 1074 1706 1127 quod
1740 1081 1888 1116 tamen
1920 1075 2077 1117 mirum

363 1145 468 1187 nihil
501 1146 680 1187 omnino
712 1145 898 1196 videtur,
933 1146 1035 1198 quia
1067 1144 1178 1187 illius
1211 1145 1404 1187 indolem
1422 1159 1519 1187 esse
1538 1145 1734 1188 fallacem
1753 1146 1889 1189 totius
1907 1147 2078 1189 fabulae

363 1224 545 1259 naturae
577 1218 776 1270 quadrat.
811 1217 893 1258 Est
926 1217 1042 1258 enim
1073 1230 1162 1259 non
1195 1215 1403 1268 τραγῳδίαι
1435 1220 1513 1259 sed
1545 1216 1685 1269 δρᾶμα
1717 1216 1925 1269 σατυρικόν
1956 1219 2077 1272 quod

363 1290 592 1332 dicebatur
610 1287 656 1343 ³),
688 1302 771 1331 nec
802 1287 960 1330 iniuria
992 1289 1048 1331 de
1080 1287 1257 1331 Seileno
1288 1289 1662 1343 Pauly-Wissowa
1681 1286 1741 1342 ¹¹):
1779 1290 1886 1343 „Die
1918 1289 2077 1347 lustige

363 1361 539 1412 Person,
584 1361 779 1413 exhibet,
813 1361 869 1402 ist
902 1360 1024 1402 recht
1056 1360 1289 1416 eigentlich
1320 1361 1398 1403 der
1430 1360 1548 1403 Silen
1579 1362 1658 1403 mit
1691 1363 1834 1404 seiner
1863 1361 2076 1416 drolligen

363 1432 603 1485 Trinklust,
651 1432 852 1488 Feigheit
898 1433 988 1474 und
1044 1430 1380 1485 Verlogenheit.”
1426 1433 1607 1474 Minime
1654 1447 1787 1475 causa
1834 1440 1927 1475 erat
1973 1433 2078 1476 vitia

362 1504 610 1558 vituperare
657 1504 736 1545 viri
783 1505 876 1545 eius
920 1504 1054 1554 modi,
1100 1516 1214 1557 quae
1259 1514 1412 1546 contra
1446 1505 1488 1546 in
1520 1518 1724 1546 scaenam
1756 1505 2076 1547 inducebantur

362 1582 410 1618 ut
432 1583 706 1630 spectatores
724 1575 1008 1619 delectarent.
1028 1575 1268 1617 Notatione
1286 1577 1466 1631 dignum
1484 1583 1655 1619 tantum
1673 1583 1741 1618 est
1757 1577 1951 1629 talequid
1968 1576 2075 1619 fieri.

420 1646 590 1689 Medea.
623 1647 822 1690 Pluribus
854 1647 1035 1689 huiusce
1067 1647 1239 1689 fabulae
1267 1647 1376 1689 locis
1394 1655 1437 1700 et
1455 1649 1596 1702 ipsam
1612 1648 1816 1690 Medeam
1832 1654 1877 1690 et
1894 1648 2075 1690 chorum

361 1726 404 1761 et
436 1721 651 1762 nutricem
684 1721 808 1772 queri
840 1720 895 1761 de
926 1721 1018 1761 iure
1035 1719 1433 1761 iurandoaIasone
1449 1733 1538 1761 non
1554 1726 1741 1772 servato,
1762 1720 2009 1762 notavimus
2025 1717 2076 1774 ⁶).

360 1791 657 1833 Acerbissime
690 1792 846 1832 marito
879 1792 1119 1844 exprobrat
1149 1791 1411 1835 adulterium
1444 1792 1602 1833 Medea
1626 1805 1708 1834 nec
1725 1792 1810 1833 alio
1827 1792 1961 1833 modo
1978 1804 2075 1833 eam

361 1865 519 1906 chorus
570 1862 787 1904 consolari
818 1864 900 1904 scit
932 1863 1015 1904 nisi
1042 1864 1098 1905 de
1117 1863 1231 1914 Iove,
1271 1865 1615 1906 iuramentorum
1646 1863 1788 1905 ultore
1821 1869 1954 1916 atque
1986 1863 2076 1905 vin-

359 1937 457 1978 dice
499 1936 742 1977 admonens
778 1932 825 1987 ⁶).
872 1934 1028 1988 Neque
1070 1934 1167 1988 ipsa
1199 1936 1491 1978 iuramentum
1524 1935 1732 1977 violatum
1764 1935 1948 1976 inultum
1980 1935 2075 1976 fore

359 2008 517 2050 Medea
564 2013 711 2061 sperat
729 2003 764 2060 ⁷)
807 2007 1043 2059 exitusque
1076 2008 1207 2048 docet
1239 2021 1327 2049 non
1362 2009 1523 2049 frustra
1539 2021 1635 2048 eam
1652 2020 1866 2060 sperasse.
1899 2005 2074 2048 Gravis-

359 2081 491 2121 simas
525 2079 734 2132 perfidiae
766 2092 933 2132 poenas
965 2079 1092 2120 Iason
1125 2079 1335 2132 persolvit
1367 2093 1554 2121 uxorem
1587 2078 1835 2131 liberosque
1851 2079 2073 2131 amittens,

357 2163 471 2204 quae
520 2152 668 2193 omnia
713 2165 739 2191 a
785 2151 868 2192 diis
901 2151 940 2192 ei
971 2151 1171 2193 accidere
1204 2152 1247 2192 in
1278 2151 1365 2192 fine
1397 2150 1569 2192 fabulae
1605 2150 1733 2204 plane
1766 2151 2073 2191 demonstrans

356 2224 516 2265 chorus

714 2296 876 2335 πολλῶν
907 2292 1075 2346 ταμίας,
1109 2296 1262 2348 inquit,
1294 2293 1392 2341 Ζεὺς
1424 2294 1463 2335 ἐν
1498 2292 1700 2346 Ὀλύμπῳ

712 2364 854 2407 πολλοὶ
886 2365 921 2407 δ’
940 2365 1133 2413 ἀέλπτως
1163 2365 1360 2418 κραίνουσι
1393 2364 1480 2408 θεοί

713 2436 782 2479 καὶ
816 2436 871 2479 τοὶ
904 2435 1112 2486 δοκηθέντ’
1143 2438 1214 2479 οὐκ
1246 2435 1444 2489 ἐτελέσθη
1493 2491 1504 2499 .

711 2512 790 2551 τῶν
820 2508 855 2550 δ’
873 2508 1074 2559 ἀδοκήτων
1104 2509 1222 2561 πόρον
1253 2507 1342 2561 ηὗρε
1373 2507 1478 2556 θεός.

356 2581 446 2623 Iovi
495 2582 653 2624 Medea
702 2582 886 2623 confidit
935 2583 1105 2635 sibique
1154 2583 1371 2635 persuasit
1413 2583 1521 2623 deos
1555 2582 1694 2623 virum
1726 2582 1948 2634 periurum
1980 2593 2068 2622 non

354 2654 581 2695 adiuturos
612 2657 714 2704 (vss.
754 2663 877 2707 1351,
917 2654 1058 2707 1391).

407 2819 440 2862 1)
466 2822 512 2854 ct.
539 2830 615 2855 vss.
643 2829 710 2865 755
739 2830 826 2866 sqq.

403 2889 423 2913 2
469 2879 516 2915 cf.
593 2879 614 2915 l.
670 2907 678 2915 .
755 2907 762 2915 .

405 2877 439 2982 33
466 2939 509 2974 cf
543 2889 748 2975 0611ῗίἑὲ
769 2939 870 2975 ο.1.ὃ
906 2950 949 2985 p.v
985 2942 1072 2983 356:
1119 2940 1226 2975 ›Das'
1258 2940 1406 2985 einzige
1435 2951 1506 2975 uns
1534 2939 1731 2975 erhaltene
1758 2938 1971 2986 Satyrspiel
1997 2938 2068 2974 der

357 2998 627 3045 griechischen
654 2999 868 3034 Litteratur
892 3000 942 3035 ist
969 3000 1039 3034 der
1064 2999 1243 3039 Κυκλωψ”.

404 3060 442 3100 4)
468 3069 548 3095 s.v.
577 3058 786 3104 Euripides
811 3058 883 3094 col.
914 3062 1014 3101 1264.

404 3120 438 3162 5)
467 3129 540 3153 vss.
566 3129 621 3159 21,
653 3121 733 3163 160,
763 3120 839 3161 168,
866 3128 946 3163 207,
973 3129 1053 3163 439,
1081 3129 1162 3162 492.

402 3177 437 3214 6)
466 3187 521 3212 vs.
555 3187 643 3222 157:
670 3175 758 3217 Ζεύς·
785 3189 836 3210 σοι
864 3176 942 3210 τάδε
966 3177 1164 3216 συνδικήσει,

405 3240 440 3280 7)
467 3248 520 3271 vs·
549 3248 628 3281 493-
