2392 3750
1218 322 1268 360 14

381 442 538 497 legitur
586 456 622 483 e.
653 456 694 497 g.
737 440 900 482 Aesch.
934 441 1052 482 Pers.
1086 449 1185 494 740,
1226 450 1351 494 1072,
1384 455 1473 483 non
1504 450 1652 485 autem
1683 445 1738 486 ad
1770 445 1835 486 ius
1867 445 2097 488 iurandum

381 514 585 567 pertinet.

871 605 907 648 δ.
955 606 1038 648 De
1086 607 1419 661 particula
1465 607 1621 659 πρός.

440 703 654 745 Particula
685 700 794 754 πρός,
827 716 959 756 quam
993 702 1034 743 K
1053 706 1079 743 ii
1098 703 1125 744 h
1143 716 1170 744 n
1188 716 1212 743 e
1230 717 1249 744 r
1268 701 1298 754 1)
1332 710 1450 744 recte
1477 704 1536 745 ait
1565 705 1607 746 in
1636 705 1728 746 iure
1756 706 1939 748 iurando
1965 713 2099 761 atque

380 775 745 816 affirmationibus
793 774 1039 829 significare
1088 775 1380 830 „angesichts,
1430 789 1521 826 vor,
1556 776 1654 816 bei’'
1689 784 1732 818 et
1765 778 1820 818 ab
1852 779 2100 820 oratoribus

381 854 424 887 et
466 861 491 887 a
532 846 708 901 tragicis
741 846 885 898 poetis
919 845 1175 898 saepissime
1211 853 1457 899 usurpatur.
1493 844 1596 888 Non
1629 849 1764 889 modo
1796 850 1836 890 in
1871 851 2100 891 sententiis

380 918 606 973 negativis,
654 918 786 958 etiam
833 918 875 957 in
922 916 1192 958 affirmativis
1235 917 1406 972 legitur,
1452 919 1686 960 coniuncta
1718 933 1818 960 cum
1849 922 2100 963 nominibus

380 990 578 1038 deorum,
627 989 955 1042 hominumque,
1005 1002 1081 1041 per
1114 1002 1227 1042 quos
1260 990 1438 1032 iuratur.
1472 989 1581 1031 Item
1614 1004 1715 1032 cum
1744 993 1873 1032 rebus
1905 993 2099 1047 coniugi-

379 1068 448 1102 tur
480 1061 524 1101 in
556 1061 815 1101 iuramento.

440 1132 596 1172 Mirum
624 1138 691 1172 est
717 1132 833 1184 apud
863 1131 903 1172 A
921 1145 944 1172 e
964 1145 983 1172 s
1002 1132 1140 1184 chyl
1159 1146 1186 1173 u
1205 1146 1247 1173 m
1275 1146 1499 1187 nunquam
1514 1130 1546 1183 2)
1580 1134 1690 1175 hanc
1718 1135 1974 1187 particulam
2002 1135 2098 1191 legi,

379 1217 645 1258 quamquam
678 1217 767 1244 non
800 1210 867 1244 est
900 1202 1248 1245 obliviscendum
1282 1217 1422 1257 pauca
1454 1211 1623 1246 tantum
1658 1207 1700 1247 in
1736 1206 1829 1247 eius
1861 1207 2099 1260 tragoediis

379 1275 562 1316 inveniri
595 1275 851 1317 iuramenta.

439 1346 804 1399 Sophocles
868 1353 1016 1388 autem
1083 1354 1217 1400 atque
1279 1347 1638 1401 Euripides
1685 1349 1870 1402 plurima
1917 1350 2098 1392 huiusce

380 1418 589 1459 formulas
621 1419 933 1459 obtestationis
981 1418 1207 1460 exhibent.
1258 1418 1519 1474 Plerumque
1577 1434 1733 1462 omnes
1766 1421 1825 1462 dii
1856 1422 2098 1477 generatim

379 1491 438 1531 ita
471 1491 743 1531 invocantur.
757 1487 793 1543 3)
826 1489 1032 1531 Formula
1067 1489 1165 1540 πρὸς
1183 1487 1285 1531 θεῶν
1313 1492 1431 1544 apud
1459 1490 1810 1545 Sophoclem
1838 1494 2099 1549 quadragies

380 1562 540 1614 sexies,
588 1562 705 1614 apud
753 1562 1129 1615 Euripidem
1176 1562 1467 1618 quinquagies
1517 1564 1652 1605 semel
1696 1565 1927 1606 invenitur.
1960 1564 2098 1618 Quin-

380 1635 504 1687 quies
551 1639 723 1674 tantum
758 1635 799 1674 in
832 1634 914 1674 alia
947 1635 1133 1675 formula
1165 1649 1190 1675 a
1220 1634 1442 1688 Sophocle
1474 1636 1709 1677 adhibetur
1738 1650 1799 1677 sc.
1833 1636 1953 1678 Aiac.
1987 1647 2098 1690 4923

382 1703 479 1756 πρὸς
543 1702 736 1757 ἐφεστίου
782 1703 896 1757 Διο’ς;
945 1705 1051 1747 Phil.
1099 1707 1210 1757 468:
1261 1705 1357 1757 πρὸς
1405 1706 1572 1758 πατρός,
1620 1706 1716 1758 πρὸς
1762 1705 1937 1758 μητρός;
1985 1709 2096 1759 484:

379 1776 472 1828 πρὸς
504 1776 629 1817 αὐτοῦ
662 1775 779 1824 Ζηνὸς
811 1775 981 1829 ἱκεσίου;
1031 1779 1167 1819 1181:
1214 1777 1310 1829 πρὸς
1342 1776 1478 1829 ἀρσέιου
1514 1778 1632 1831 Διός;
1680 1779 1837 1821 Trach.
1871 1781 1971 1831 436,
2003 1778 2099 1831 πρὸς

379 1846 488 1895 Διός.

437 1921 681 1972 Praeterea,
727 1923 905 1975 quando
950 1935 1018 1963 res
1061 1922 1320 1963 invocantur
1357 1921 1477 1976 Sop
1496 1924 1567 1964 ho
1586 1923 1719 1964 cles
1751 1937 1926 1976 semper
1958 1936 2098 1976 paene

378 1993 458 2034 hae
504 1993 717 2046 particula
757 1994 916 2046 utitur3
964 1995 1007 2035 in
1055 1994 1228 2035 duobus
1276 2002 1447 2035 tantum
1491 1996 1708 2036 eiusmodi
1743 1995 1940 2036 formulis
1970 1994 2096 2036 aliam

377 2065 512 2106 habet
543 2066 730 2106 formam
763 2078 824 2105 sc.
858 2064 1016 2105 Trach.
1057 2066 1191 2117 1185:
1225 2062 1323 2114 ὄμνυ
1362 2063 1456 2111 Διός
1486 2080 1550 2105 νυν
1581 2067 1650 2106 τοῦ
1682 2081 1736 2116 με
1769 2065 1977 2118 φύσαντος
1993 2064 2098 2117 κάρα

378 2143 422 2178 et
453 2136 559 2178 Phil.
601 2138 735 2188 1289:
768 2134 956 2186 ohrchpcocr'
990 2134 1115 2185 ἁγνοῦ
1148 2135 1267 2184 Ζηνὸς
1301 2134 1469 2188 ὕψιστον
1502 2136 1648 2187 σέβας.

436 2209 571 2262 Apud
603 2209 938 2262 Euripidem
971 2210 1130 2250 eodem
1163 2210 1298 2250 modo
1330 2210 1422 2250 fere
1450 2210 1696 2260 adhibetur,
1717 2223 1816 2251 cum
1835 2211 1877 2251 in
1897 2209 2097 2264 formula,

377 2294 490 2335 quae
538 2287 605 2322 est
651 2279 744 2331 πρὸς
792 2277 909 2334 θεῶν,
959 2287 1053 2321 tum
1102 2282 1144 2321 in
1177 2279 1274 2332 πρὸς
1307 2278 1496 2333 γονάτων,
1532 2279 1630 2331 πρὸς
1661 2281 1824 2332 γενείου,
1858 2282 1950 2323 aliis
1982 2283 2097 2323 eius-

379 2352 512 2393 modi.

436 2423 496 2466 Ut
543 2425 660 2477 apud
709 2430 921 2475 oratores,
946 2421 983 2479 ¹¹)
1030 2424 1162 2465 etiam
1204 2425 1323 2477 apud
1354 2425 1545 2481 tragicos
1591 2431 1747 2478 poetas
1794 2425 1897 2466 iuris
1929 2426 2097 2468 iurandi

377 2495 565 2537 formula
596 2509 675 2549 per
707 2496 820 2538 hane
847 2496 1105 2549 particulam
1133 2494 1229 2547 πρός
1258 2497 1506 2550 composita
1533 2497 1663 2552 vulgo
1691 2498 1908 2550 reperitur
1938 2498 1980 2538 in
1998 2510 2096 2539 sen-

378 2569 527 2609 tentiis
559 2569 829 2621 imperativis
862 2567 931 2609 vel
961 2569 1298 2623 interrogativis.
1334 2568 1564 2609 Nonnullis
1598 2568 1703 2609 locis
1743 2592 1788 2597 —-
1826 2568 1965 2608 affero
1997 2581 2033 2609 e.
2052 2581 2092 2623 g.

378 2639 433 2682 O.
451 2640 503 2681 R.
539 2649 674 2693 1472:
705 2639 747 2680 οὐ
772 2639 818 2687 δὴ
845 2638 955 2681 κλύω
983 2654 1060 2680 που
1092 2638 1189 2691 πρὸς
1221 2637 1326 2680 θεῶν
1360 2642 1440 2679 τοῖν
1474 2654 1541 2689 μοι
1574 2639 1706 2691 φίλοιν
1737 2637 2019 2691 δακρυοόντοιν,
2042 2663 2090 2668 -

377 2713 596 2754 sententia
627 2726 733 2753 sane
766 2716 836 2753 est
867 2712 1142 2763 affirmativa,
1176 2712 1240 2753 vis
1272 2712 1583 2766 interrogativa
1614 2718 1763 2753 autem
1791 2711 2063 2753 subauditur.

430 2946 463 2986 1)
489 2942 537 2977 cf.
564 2943 782 2979 Ki'ihner
808 2944 960 2979 ο.1.ΙΙ.
989 2956 1022 2989 p.
1053 2954 1133 2989 517·

427 3004 464 3045 2)
489 3003 620 3038 Verba
645 3005 717 3045 πρὸς
743 3003 840 3046 θεῶν,
880 3015 980 3050 quae
1008 3004 1186 3050 leguntur
1213 3004 1308 3049 Sept
1348 3014 1427 3045 202,
1455 3013 1545 3048 5373
1573 3003 1704 3049 Suppl.
1733 3014 1814 3045 401,
1847 3013 1957 3048 1025;
1983 3003 2093 3038 Eum.

377 3072 456 3105 414,
484 3063 606 3098 Prom.
637 3074 680 3107 92
708 3065 757 3099 ad
783 3065 841 3099 ius
869 3065 1070 3099 iurandum
1097 3075 1174 3099 non
1200 3065 1406 3110 pertinent.

426 3129 461 3164 3)
488 3122 622 3157 Sintne
651 3122 743 3158 vera
769 3124 987 3159 iuramenta
1013 3124 1085 3158 hae
1114 3123 1301 3158 formulae
1327 3128 1419 3169 post
1439 3123 1513 3158 erit
1538 3123 1872 3168 perpendendum.

428 3185 463 3224 4)
490 3182 538 3216 cf.
566 3182 737 3217 Kfihnl
754 3183 839 3218 ein
876 3194 911 3219 o.
929 3184 950 3218 l.
977 3183 1026 3218 de
1054 3183 1127 3218 hac
1155 3182 1346 3228 particula
1373 3194 1409 3228 p.
1438 3191 1480 3226 57
1507 3182 1571 3227 (cf.
1598 3188 1805 3227 praeterea
1833 3193 1919 3228 pgg.
1948 3193 1980 3227 3,
2006 3193 2094 3228 sqq.

380 3252 436 3285 24,
464 3241 535 3287 38·)
