2392 3750
1132 352 1187 396 37

301 491 378 519 cae
423 483 593 519 tantum
637 476 883 517 sententiae
931 475 1151 517 sufficiant
1175 471 1219 529 ¹),
1269 475 1383 517 inter
1429 489 1538 530 quas
1570 475 1768 529 inprimis
1801 475 2018 518 laudanda

301 556 368 591 est
401 549 612 599 definitio,
661 560 793 602 quam
827 547 1010 603 legimus
1052 546 1179 588 Rhet.
1213 547 1269 589 ad
1301 546 1430 589 Alex.
1470 549 1519 589 18
1553 560 1594 600 p.
1636 557 1760 601 1432,
1795 558 1864 600 33,
1903 562 2017 602 quae

299 623 445 671 verba,
480 621 580 662 licet
612 619 968 661 verisimillimum
1001 619 1057 660 sit
1089 619 1243 660 iniuria
1271 633 1322 660 ea
1353 618 1582 660 Aristoteli
1613 633 1711 660 esse
1729 620 1953 673 adscripta
1970 618 2015 671 ²),

300 693 551 746 opinionem
580 691 869 744 complurium
902 690 1189 740 Graecorum,
1226 704 1277 731 ea
1309 696 1455 732 aetate
1484 691 1737 734 viventium.
1773 692 1867 733 sine
1881 692 2017 733 dubio

299 763 545 820 significant
621 760 780 813 “Opxo<;‚
827 762 897 804 hic
942 762 1111 816 legitur,
1159 760 1247 802 ἐστι’
1284 760 1394 811 μετὰ
1431 758 1546 808 θείας
1578 761 1860 813 παραλήψεως
1891 760 2018 813 φάο-ις

738 835 746 847 ν
791 833 801 846 9
861 831 871 846 k
915 830 934 845 Η

299 905 348 946 ἂν
396 904 583 956 ἐπιορκεῖν
631 903 833 954 βούλοιτο,
880 902 1131 956 Φοβούμενος
1177 906 1248 955 τήν
1304 920 1350 945 τε
1396 903 1512 956 παρὰ
1567 906 1670 946 θεῶν
1711 904 1902 956 τιμωρίαν
1947 905 2014 947 καὶ

298 975 368 1023 τὴν
400 974 516 1027 παρὰ
547 978 629 1022 τοῖς
659 973 881 1027 ἀνθρώποις
913 974 1113 1027 αἰσχύνην
1142 974 1209 1016 καὶ
1242 974 1428 1026 διεξιέναι
1454 974 1512 1018 ἔτι
1555 975 1645 1022 τοὺς
1675 975 1749 1027 μὲν
1781 974 2016 1029 ἀνθρώπους

299 1046 449 1089 λαθεῖν
483 1046 580 1096 ἔστι,
613 1046 706 1094 τοὺς
737 1046 780 1089 δὲ
813 1046 931 1094 Ξιεοὺς
962 1047 1027 1089 οὐκ
1061 1046 1182 1090 ἔστιν.

357 1119 617 1176 Congruunt
663 1119 772 1162 haec
820 1133 920 1161 cum
952 1121 1018 1171 iis,
1066 1133 1180 1174 quae
1226 1120 1343 1173 apud
1397 1120 1641 1163 Homerum
1677 1127 1721 1162 et
1753 1120 2015 1176 Hesiodum,

297 1191 405 1233 alios
446 1192 747 1245 repperimus:
782 1191 848 1233 ius
880 1192 1112 1234 iurandum
1162 1205 1260 1233 esse
1302 1192 1375 1234 dei
1406 1193 1704 1243 testationem,
1738 1206 1826 1247 qua
1858 1193 2015 1235 confir-

298 1270 455 1314 metur,
488 1263 609 1318 quod
640 1262 725 1304 alio
757 1264 893 1304 modo
926 1270 1049 1305 certo
1081 1264 1181 1305 sciri
1214 1276 1303 1304 non
1336 1269 1499 1316 potest.
1542 1263 1664 1305 Idem
1695 1263 1903 1316 Lasaulx,
1941 1266 2015 1319 qui

298 1335 354 1377 de
385 1335 477 1376 iure
511 1335 694 1376 iurando
727 1334 998 1376 Graecorum
1032 1335 1200 1388 optime
1225 1335 1478 1388 disputavit,
1514 1336 1574 1376 ita
1607 1336 1841 1389 descripsit
1858 1333 1921 1389 ³):
1954 1336 2015 1378 Er

297 1405 379 1461 (sc.
413 1407 479 1448 ius
511 1405 761 1462 iurandum)
794 1406 972 1448 besteht
1014 1407 1057 1448 in
1090 1407 1168 1448 der
1203 1406 1455 1448 feierlichen
1491 1406 1802 1464 Betheuerung
1833 1409 1913 1450 des
1944 1421 2015 1464 ge—

351 1607 382 1650 1)
420 1608 498 1642 Iam
538 1607 661 1643 affero
688 1607 810 1643 haec:
852 1607 964 1644 Pind.
1000 1607 1059 1645 01.
1099 1607 1142 1652 11,
1180 1610 1238 1651 69,
1263 1607 1329 1643 ubi
1355 1608 1435 1643 vita
1460 1607 1577 1643 beata
1602 1607 1640 1643 in
1667 1607 1774 1643 Orco
1799 1608 2016 1654 spondetur

297 1666 344 1708 ei,
386 1668 452 1712 qui
492 1667 551 1702 ius
592 1667 794 1702 iurandum
836 1668 1074 1703 servaverit:
1112 1670 1199 1708 παρὰ
1237 1667 1295 1708 μὲν
1331 1667 1451 1709 τιμίοις
1486 1668 1588 1703 enim
1625 1671 1714 1707 Mu,
1745 1668 1853 1705 οἵτινες
1886 1668 2015 1710 ἔχαιρον

295 1724 461 1767 εὐορκίαις,
484 1725 622 1767 ἄδακρυν
647 1725 796 1768 νέμονται
823 1727 927 1760 αι’ῶνα
954 1752 962 1759 .
987 1725 1074 1759 ‘rosh’
1102 1726 1321 1768 ἀπροσόρατον
1346 1725 1494 1769 ὀκχέοντι
1519 1728 1623 1760 πόνον.

345 1787 537 1832 Lycurgus
574 1793 707 1823 orator
744 1787 844 1833 (¹²7)
882 1788 978 1823 dicit
1016 1788 1075 1823 ius
1114 1787 1317 1823 iurandum
1344 1791 1549 1833 parentum
1575 1793 1760 1834 tanquam
1786 1787 1901 1830 ὅμηρον
1926 1799 2014 1824 esse

294 1846 426 1883 liberis
465 1848 753 1894 maximamque
793 1849 829 1883 ei
866 1848 1000 1884 tribuit
1038 1848 1114 1883 vim
1155 1850 1242 1892 (79),
1283 1848 1346 1883 dei
1372 1848 1475 1883 enim
1501 1848 1594 1894 quia
1619 1853 1709 1884 sunt
1734 1853 1857 1884 testes
1881 1846 1949 1881 οὔτ’
1976 1847 2014 1881 ἂν

294 1905 486 1948 ἐπιορκήσας
523 1919 569 1943 τις
606 1906 706 1939 λάθοι
744 1905 812 1940 οὔτ’
848 1907 887 1940 ἂν
926 1908 1064 1949 impuro}
1100 1907 1160 1945 τὴν
1190 1907 1251 1940 ἀπ’
1289 1905 1392 1940 αὐτῶν
1430 1907 1597 1952 τιμωρίαν,
1636 1908 1713 1940 ἁλλ’
1738 1907 1767 1941 εἶ
1791 1907 1837 1949 μὴ
1863 1907 1958 1945 αιἰτός
1984 1909 2017 1941 οἰ

295 1965 408 2003 παῖδες
443 1977 482 2007 γε
520 1969 574 1998 καὶ
610 1968 646 1999 τὸ
682 1969 771 2008 γένος
810 1967 898 2000 ἅπαν
937 1969 999 1999 τοῦ
1036 1966 1283 2008 ἐπιορκήσαντος
1319 1971 1478 2009 μεγάλοις
1514 1965 1714 2009 ἀτυχήμασι
1739 1968 1939 2009 περιπίπτει,
1965 1967 2012 2004 cs.

296 2033 501 2072 praeterea
526 2026 707 2062 Demosth.
733 2029 814 2062 adv.
846 2026 933 2064 Con.
960 2037 1028 2073 ⁴¹3
1057 2027 1191 2072 Lysiae
1213 2030 1296 2062 adv.
1329 2026 1595 2063 Theomnastum
1620 2027 1647 2069 Ι,
1678 2035 1728 2070 17.

344 2086 507 2122 Athenis
535 2086 734 2131 Heliastae‚
760 2097 860 2132 quae
888 2086 1120 2122 dicebantur
1145 2087 1244 2122 inter
1270 2086 1343 2121 alia
1370 2087 1407 2121 in
1435 2087 1516 2121 iure
1542 2087 1707 2122 iurando
1732 2087 2010 2132 precabantur:

294 2148 348 2178 καὶ
385 2144 442 2187 μέν
480 2157 536 2187 μοι
572 2145 748 2187 εὐορκοῦντι
782 2147 897 2179 πολλὰ
931 2149 990 2179 καὶ
1013 2145 1143 2188 ἀγαθὰ,
1165 2146 1361 2187 ἐπιορκοῦντι
1385 2144 1554 2186 θ’ἐξώλεια
1579 2143 1669 2188 αὐτῷ
1694 2157 1731 2179 τι
1757 2149 1811 2179 καὶ
1835 2145 1919 2189 γένει
1945 2147 2011 2189 (cf.

297 2205 457 2243 Gilbert
487 2206 628 2241 Handb
666 2206 736 2241 der
763 2205 920 2242 Griech.
948 2205 1234 2242 staatsalterth
1263 2204 1316 2248 1²,
1341 2217 1380 2251 p.
1406 2216 1490 2246 440.
1521 2207 1566 2249 ι).

344 2265 583 2312 Xenophanes
619 2266 713 2301 Rhet
759 2267 820 2301 ad.
859 2266 962 2301 Alex.
1003 2276 1032 2308 1,
1065 2277 1075 2300 ι
1085 2274 1115 2310 5,
1144 2277 1179 2311 p.
1213 2275 1302 2310 ¹377
1330 2266 1472 2300 dicitur
1498 2266 1558 2300 ius
1584 2266 1787 2301 iurandum
1816 2267 2011 2309 reiecisse,

295 2326 386 2372 quia
412 2336 489 2361 non
516 2331 598 2360 erat
624 2324 680 2363 'len
705 2327 879 2366 πρόκλησις
904 2325 987 2363 αὕτη
1012 2324 1126 2374 ᾇσςβιῖ
1148 2328 1220 2366 πρὸς
1246 2324 1376 2365 εὐσεβῆ,
1403 2335 1503 2371 quae
1531 2325 1651 2361 verba
1678 2325 1774 2360 satis
1800 2325 2013 2361 ostendunt

295 2386 378 2421 viro
416 2385 482 2430 pio
521 2384 592 2420 soli
630 2386 688 2420 ius
728 2385 932 2420 iurandum
973 2395 1150 2431 magnam
1178 2385 1323 2420 habere
1350 2385 1636 2419 auctoritatem.
1662 2385 1698 2417 τὸ
1723 2382 1884 2426 σέβεσθαι
1909 2386 2012 2420 enim

294 2445 344 2481 ad
370 2444 467 2480 deos
493 2445 663 2490 pertinet
689 2443 752 2487 (cf.
780 2444 937 2480 Passow
965 2445 986 2481 i.
1015 2449 1066 2485 ν.)

346 2504 579 2551 Empedocles
616 2503 680 2547 (cs.
721 2504 885 2541 Diels.
925 2504 1067 2541 Philas.
1096 2504 1246 2550 fragm.
1288 2515 1323 2550 p.
1352 2514 1432 2548 217,
1459 2503 1504 2539 fr.
1535 2515 1571 2539 ιι
1579 2507 1615 2549 5)
1641 2509 1772 2540 narrat
1798 2514 1898 2551 quae
1926 2515 2012 2551 gra-

295 2565 452 2600 vissima
478 2574 606 2610 poena
633 2570 788 2600 maneat
813 2564 872 2599 vel
899 2564 996 2599 deos
1023 2565 1212 2609 periuros.

342 2623 491 2660 Platon.
518 2623 636 2670 Legg.
660 2623 719 2666 111,
747 2634 810 2668 7οι
830 2624 885 2668 C..
908 2627 1025 2664 θράσος
1052 2624 1251 2659 hominum
1267 2634 1385 2659 causa
1402 2634 1489 2659 esse
1504 2624 1658 2668 dicitur,
1674 2634 1752 2670 qua
1765 2623 2013 2660 adducuntur

296 2683 334 2718 hi
360 2682 455 2724 ὅρκων
481 2682 537 2716 καὶ
562 2684 702 2716 πίστεων
727 2685 781 2716 καὶ
807 2685 846 2717 τὸ
870 2683 1028 2725 παράπαν
1052 2687 1133 2716 θεῶν
1158 2683 1203 2725 μὴ
1229 2680 1425 2725 φροντίζειν.

346 2743 540 2785 limones,
579 2743 730 2779 etiamsi
765 2743 815 2779 de
850 2744 936 2789 ipso
977 2744 1058 2779 iure
1097 2743 1261 2779 iurando
1295 2742 1559 2779 definitionem
1595 2754 1671 2779 non
1698 2742 1888 2786 dederint,
1915 2744 2011 2780 satis

295 2803 565 2838 demonstrant
590 2813 633 2838 se
659 2813 816 2849 quoque
843 2804 1058 2839 iuramenta
1087 2805 1214 2850 magni
1241 2803 1400 2839 duxisse
1422 2803 1624 2850 virumque
1639 2803 1836 2848 periurum
1852 2813 2012 2849 magnas

296 2873 443 2908 poenas
470 2863 543 2898 diis
570 2862 748 2898 daturum
776 2863 824 2899 cf.
852 2863 913 2899 Sc
929 2864 952 2899 h
969 2875 1004 2899 m
1020 2864 1030 2898 i
1046 2864 1100 2899 dt
1128 2864 1239 2899 Ethik
1251 2867 1284 2899 d.
1300 2875 1333 2899 a.
1353 2863 1420 2899 Gr.
1436 2863 1462 2899 Ι.
1488 2874 1524 2909 p.
1541 2875 1572 2904 4,
1599 2863 1666 2910 qui
1680 2863 1862 2909 exempla
1875 2862 2011 2900 affert:

297 2922 488 2957 Herod.
516 2922 576 2963 lv,
605 2933 672 2966 71;
708 2922 768 2966 VI,
795 2925 840 2959 86
866 2924 900 2967 β,
925 2934 973 2967 ’γς
1013 2923 1135 2958 Xen.
1164 2923 1274 2959 Anab
1314 2923 1355 2963 11,
1384 2934 1416 2967 ο,
1443 2933 1489 2967 9;
1515 2922 1671 2958 Thuc.
1699 2922 1743 2967 11,
1770 2932 1838 2967 53;
1867 2922 1926 2965 111,
1953 2924 2011 2958 82.

345 2984 380 3024 2)
406 2981 497 3017 Veri
522 2983 646 3019 simile
674 2988 733 3019 est
760 2983 862 3019 hunc
888 2983 1025 3020 librum
1052 2984 1241 3029 scriptum
1269 2994 1356 3019 esse
1383 2983 1432 3018 ab
1459 2982 1701 3018 Anaximene
1727 2982 2010 3028 Lampsaceno,

295 3042 362 3088 qui
388 3047 430 3077 ut
456 3042 688 3078 Aristoteles
717 3043 926 3079 Alexandri
954 3043 1081 3089 magni
1108 3043 1206 3078 vixit
1232 3048 1361 3078 aetate
1388 3041 1435 3077 cf.
1463 3041 1664 3078 Christ.
1694 3040 1810 3077 Gesclt
1846 3043 1913 3077 der
1941 3040 2010 3077 Gr.

297 3098 402 3136 Litt⁴
428 3110 463 3145 p.
479 3103 558 3143 ⁴83·
587 3100 766 3137 Notanda
792 3107 853 3137 est
878 3100 1090 3136 similitudo
1117 3101 1376 3147 posteriorum
1404 3101 1610 3136 verborum
1640 3109 1729 3135 cum
1746 3098 2011 3146 Lycurgig79

296 3165 335 3195 et
374 3158 584 3198 Clementis
625 3160 875 3196 Alexandrini
906 3160 1047 3197 Strom.
1075 3162 1096 3196 8
1120 3171 1156 3206 p.
1183 3162 1262 3201 861,
1291 3171 1358 3195 22:
1396 3159 1480 3201 δρκός
1505 3160 1590 3192 ἐστιν
1615 3159 1778 3201 ὁμολογία
1802 3157 2013 3201 anawanum?

295 3220 378 3260 μιτὰ
403 3218 622 3260 παραλήψεως
648 3219 743 3257 θείας.

345 3279 379 3321 3)
406 3277 454 3313 cs.
484 3278 732 3316 Lasaulx.
763 3279 839 3316 Der
865 3279 943 3315 Eid
965 3280 997 3317 b.
1021 3282 1055 3315 d.
1086 3278 1120 3315 G
1157 3291 1181 3315 ιι
1219 3279 1264 3315 R.
1294 3291 1329 3326 p.
1358 3290 1389 3316 2.
