<?xml version="1.0" encoding="UTF-8"?>
<!DOCTYPE html PUBLIC "-//W3C//DTD XHTML 1.0 Transitional//EN"
    "http://www.w3.org/TR/xhtml1/DTD/xhtml1-transitional.dtd">
<html xmlns="http://www.w3.org/1999/xhtml" xml:lang="en" lang="en">
 <head>
  <title>
</title>
<meta http-equiv="Content-Type" content="text/html;charset=utf-8" />
  <meta name='ocr-system' content='tesseract 3.04.00' />
  <meta name='ocr-capabilities' content='ocr_page ocr_carea ocr_par ocr_line ocrx_word'/>
</head>
<body>
  <div class='ocr_page' id='page_1' title='image "./deiureiurandoapu00jonguoft_0132.png"; bbox 0 0 2326 3718; ppageno 0'>
   <div class='ocr_carea' id='block_1_1' title="bbox 1171 289 1252 320">
    <p class='ocr_par' dir='ltr' id='par_1_1' title="bbox 1171 289 1252 320">
     <span class='ocr_line' id='line_1_1' title="bbox 1171 289 1252 320; baseline 0.012 -1"><span class='ocrx_word' id='word_1_1' title='bbox 1171 289 1252 320; x_wconf 89' lang='lat'>120</span> 
     </span>
    </p>
   </div>
   <div class='ocr_carea' id='block_1_2' title="bbox 337 408 2060 2610">
    <p class='ocr_par' dir='ltr' id='par_1_2' title="bbox 339 408 2057 607">
     <span class='ocr_line' id='line_1_2' title="bbox 400 408 2057 463; baseline 0.002 -13"><span class='ocrx_word' id='word_1_2' title='bbox 400 409 586 450; x_wconf 86' lang='lat' dir='ltr'>Etiamsi</span> <span class='ocrx_word' id='word_1_3' title='bbox 619 409 692 461; x_wconf 91' lang='lat' dir='ltr'>qui</span> <span class='ocrx_word' id='word_1_4' title='bbox 726 409 834 450; x_wconf 91' lang='lat' dir='ltr'>deos</span> <span class='ocrx_word' id='word_1_5' title='bbox 868 422 955 450; x_wconf 90' lang='lat' dir='ltr'>non</span> <span class='ocrx_word' id='word_1_6' title='bbox 990 422 1160 459; x_wconf 82' lang='lat' dir='ltr'>curanS,</span> <span class='ocrx_word' id='word_1_7' title='bbox 1193 408 1335 463; x_wconf 87' lang='lat' dir='ltr'>legem</span> <span class='ocrx_word' id='word_1_8' title='bbox 1370 409 1581 451; x_wconf 84' lang='lat' dir='ltr'>moralem</span> <span class='ocrx_word' id='word_1_9' title='bbox 1612 410 1668 452; x_wconf 89' lang='lat' dir='ltr'>ad</span> <span class='ocrx_word' id='word_1_10' title='bbox 1704 410 1905 454; x_wconf 90' lang='lat' dir='ltr'>homines</span> <span class='ocrx_word' id='word_1_11' title='bbox 1937 413 2057 454; x_wconf 90' lang='lat' dir='ltr'>solos</span> 
     </span>
     <span class='ocr_line' id='line_1_3' title="bbox 341 480 2056 539; baseline 0.002 -17"><span class='ocrx_word' id='word_1_12' title='bbox 341 481 558 534; x_wconf 90' lang='lat' dir='ltr'>pertinere</span> <span class='ocrx_word' id='word_1_13' title='bbox 603 480 851 531; x_wconf 86' lang='lat' dir='ltr'><strong>arbitretur,</strong></span> <span class='ocrx_word' id='word_1_14' title='bbox 894 492 983 520; x_wconf 90' lang='lat' dir='ltr'>non</span> <span class='ocrx_word' id='word_1_15' title='bbox 1017 485 1165 533; x_wconf 91' lang='lat' dir='ltr'>potest</span> <span class='ocrx_word' id='word_1_16' title='bbox 1199 493 1297 521; x_wconf 89' lang='lat' dir='ltr'>mea</span> <span class='ocrx_word' id='word_1_17' title='bbox 1327 481 1535 533; x_wconf 86' lang='lat' dir='ltr'>opinione</span> <span class='ocrx_word' id='word_1_18' title='bbox 1564 494 1652 522; x_wconf 91' lang='lat' dir='ltr'>non</span> <span class='ocrx_word' id='word_1_19' title='bbox 1688 482 1834 523; x_wconf 85' lang='lat' dir='ltr'>dicere</span> <span class='ocrx_word' id='word_1_20' title='bbox 1866 484 2056 539; x_wconf 88' lang='lat' dir='ltr'>tragicos</span> 
     </span>
     <span class='ocr_line' id='line_1_4' title="bbox 339 550 1674 607; baseline 0 -13"><span class='ocrx_word' id='word_1_21' title='bbox 339 552 544 594; x_wconf 89' lang='lat' dir='ltr'>docuisse</span> <span class='ocrx_word' id='word_1_22' title='bbox 575 551 811 605; x_wconf 88' lang='lat' dir='ltr'>periurium</span> <span class='ocrx_word' id='word_1_23' title='bbox 845 564 943 592; x_wconf 88' lang='lat' dir='ltr'>esse</span> <span class='ocrx_word' id='word_1_24' title='bbox 981 551 1103 603; x_wconf 87' lang='lat' dir='ltr'>„eine</span> <span class='ocrx_word' id='word_1_25' title='bbox 1135 550 1326 593; x_wconf 90' lang='lat' dir='ltr'>sittliche</span> <span class='ocrx_word' id='word_1_26' title='bbox 1358 551 1674 607; x_wconf 85' lang='lat' dir='ltr'>Versehlung.’&#39;</span> 
     </span>
    </p>

    <p class='ocr_par' dir='ltr' id='par_1_3' title="bbox 338 621 2060 1746">
     <span class='ocr_line' id='line_1_5' title="bbox 400 621 2055 679; baseline 0.004 -16"><span class='ocrx_word' id='word_1_27' title='bbox 400 621 572 675; x_wconf 86' lang='lat' dir='ltr'>Ubique</span> <span class='ocrx_word' id='word_1_28' title='bbox 626 623 742 664; x_wconf 90' lang='lat' dir='ltr'>enirn</span> <span class='ocrx_word' id='word_1_29' title='bbox 789 623 971 664; x_wconf 89' lang='lat' dir='ltr'>maximi</span> <span class='ocrx_word' id='word_1_30' title='bbox 1018 622 1168 664; x_wconf 88' lang='lat' dir='ltr'>haberi</span> <span class='ocrx_word' id='word_1_31' title='bbox 1217 624 1282 664; x_wconf 93' lang='lat' dir='ltr'>ius</span> <span class='ocrx_word' id='word_1_32' title='bbox 1329 623 1560 665; x_wconf 89' lang='lat' dir='ltr'>iurandum</span> <span class='ocrx_word' id='word_1_33' title='bbox 1607 625 1820 678; x_wconf 89' lang='lat' dir='ltr'>apparuit.</span> <span class='ocrx_word' id='word_1_34' title='bbox 1868 625 1915 668; x_wconf 93' lang='lat' dir='ltr'>Si</span> <span class='ocrx_word' id='word_1_35' title='bbox 1958 628 2055 679; x_wconf 91' lang='lat' dir='ltr'>quis</span> 
     </span>
     <span class='ocr_line' id='line_1_6' title="bbox 339 694 2055 754; baseline 0.003 -19"><span class='ocrx_word' id='word_1_36' title='bbox 339 694 508 745; x_wconf 90' lang='lat' dir='ltr'>iuravit,</span> <span class='ocrx_word' id='word_1_37' title='bbox 541 694 683 735; x_wconf 86' lang='lat' dir='ltr'>omnis</span> <span class='ocrx_word' id='word_1_38' title='bbox 715 694 932 735; x_wconf 85' lang='lat' dir='ltr'>dubitatio</span> <span class='ocrx_word' id='word_1_39' title='bbox 963 694 1090 735; x_wconf 89' lang='lat' dir='ltr'>abest</span> <span class='ocrx_word' id='word_1_40' title='bbox 1121 707 1203 736; x_wconf 94' lang='lat' dir='ltr'>nec</span> <span class='ocrx_word' id='word_1_41' title='bbox 1237 694 1430 747; x_wconf 90' lang='lat' dir='ltr'>omnino,</span> <span class='ocrx_word' id='word_1_42' title='bbox 1464 695 1585 747; x_wconf 93' lang='lat' dir='ltr'>quod</span> <span class='ocrx_word' id='word_1_43' title='bbox 1606 696 1642 736; x_wconf 89' lang='lat' dir='ltr'>si</span> <span class='ocrx_word' id='word_1_44' title='bbox 1660 697 1718 737; x_wconf 91' lang='lat' dir='ltr'>ita</span> <span class='ocrx_word' id='word_1_45' title='bbox 1736 704 1817 748; x_wconf 88' lang='lat' dir='ltr'>est,</span> <span class='ocrx_word' id='word_1_46' title='bbox 1836 697 2055 754; x_wconf 87' lang='lat' dir='ltr'><strong>intellego,</strong></span> 
     </span>
     <span class='ocr_line' id='line_1_7' title="bbox 338 765 2058 820; baseline 0.003 -14"><span class='ocrx_word' id='word_1_47' title='bbox 338 766 588 819; x_wconf 89' lang='lat' dir='ltr'>periurium,</span> <span class='ocrx_word' id='word_1_48' title='bbox 634 766 700 806; x_wconf 92' lang='lat' dir='ltr'>ius</span> <span class='ocrx_word' id='word_1_49' title='bbox 733 765 962 807; x_wconf 88' lang='lat' dir='ltr'>iurandum</span> <span class='ocrx_word' id='word_1_50' title='bbox 996 765 1204 807; x_wconf 90' lang='lat' dir='ltr'>violatum</span> <span class='ocrx_word' id='word_1_51' title='bbox 1238 778 1327 807; x_wconf 91' lang='lat' dir='ltr'>non</span> <span class='ocrx_word' id='word_1_52' title='bbox 1359 779 1458 807; x_wconf 93' lang='lat' dir='ltr'>esse</span> <span class='ocrx_word' id='word_1_53' title='bbox 1494 767 1618 820; x_wconf 87' lang='lat' dir='ltr'>„eine</span> <span class='ocrx_word' id='word_1_54' title='bbox 1649 767 1840 810; x_wconf 90' lang='lat' dir='ltr'>sittliche</span> <span class='ocrx_word' id='word_1_55' title='bbox 1873 769 2058 812; x_wconf 89' lang='lat' dir='ltr'>Verfeh·</span> 
     </span>
     <span class='ocr_line' id='line_1_8' title="bbox 340 836 2058 895; baseline 0.004 -18"><span class='ocrx_word' id='word_1_56' title='bbox 340 836 484 892; x_wconf 85' lang='lat' dir='ltr'>lung.&#39;’</span> <span class='ocrx_word' id='word_1_57' title='bbox 533 836 679 877; x_wconf 90' lang='lat' dir='ltr'>Etiam</span> <span class='ocrx_word' id='word_1_58' title='bbox 729 837 781 887; x_wconf 90' lang='lat' dir='ltr'>ei,</span> <span class='ocrx_word' id='word_1_59' title='bbox 826 838 895 878; x_wconf 91' lang='lat' dir='ltr'>cui</span> <span class='ocrx_word' id='word_1_60' title='bbox 938 837 1232 878; x_wconf 90' lang='lat' dir='ltr'>iuramentum</span> <span class='ocrx_word' id='word_1_61' title='bbox 1274 836 1378 878; x_wconf 88' lang='lat' dir='ltr'>nihil</span> <span class='ocrx_word' id='word_1_62' title='bbox 1421 844 1486 879; x_wconf 90' lang='lat' dir='ltr'>est</span> <span class='ocrx_word' id='word_1_63' title='bbox 1518 838 1601 879; x_wconf 88' lang='lat' dir='ltr'>nisi</span> <span class='ocrx_word' id='word_1_64' title='bbox 1637 839 1760 893; x_wconf 87' lang='lat' dir='ltr'>„eine</span> <span class='ocrx_word' id='word_1_65' title='bbox 1793 841 2058 895; x_wconf 88' lang='lat' dir='ltr'>gesetzliche</span> 
     </span>
     <span class='ocr_line' id='line_1_9' title="bbox 339 906 2057 964; baseline 0.004 -16"><span class='ocrx_word' id='word_1_66' title='bbox 339 906 511 949; x_wconf 90' lang='lat' dir='ltr'>Formel</span> <span class='ocrx_word' id='word_1_67' title='bbox 545 921 619 949; x_wconf 89' lang='lat' dir='ltr'>zur</span> <span class='ocrx_word' id='word_1_68' title='bbox 651 908 960 964; x_wconf 81' lang='lat' dir='ltr'>Betheuerung</span> <span class='ocrx_word' id='word_1_69' title='bbox 992 909 1070 950; x_wconf 93' lang='lat' dir='ltr'>der</span> <span class='ocrx_word' id='word_1_70' title='bbox 1102 908 1361 950; x_wconf 89' lang='lat' dir='ltr'>Wahrheit”</span> <span class='ocrx_word' id='word_1_71' title='bbox 1384 906 1415 964; x_wconf 87' lang='lat'>¹)</span> <span class='ocrx_word' id='word_1_72' title='bbox 1449 909 1576 951; x_wconf 89' lang='lat' dir='ltr'>huius</span> <span class='ocrx_word' id='word_1_73' title='bbox 1609 909 1784 952; x_wconf 91' lang='lat' dir='ltr'>violatio</span> <span class='ocrx_word' id='word_1_74' title='bbox 1809 925 1906 953; x_wconf 90' lang='lat' dir='ltr'>esse</span> <span class='ocrx_word' id='word_1_75' title='bbox 1923 913 2057 956; x_wconf 88' lang='lat' dir='ltr'>debet</span> 
     </span>
     <span class='ocr_line' id='line_1_10' title="bbox 343 979 2058 1035; baseline 0.004 -16"><span class='ocrx_word' id='word_1_76' title='bbox 343 980 465 1031; x_wconf 90' lang='lat' dir='ltr'>„eine</span> <span class='ocrx_word' id='word_1_77' title='bbox 498 979 688 1020; x_wconf 90' lang='lat' dir='ltr'>sittliche</span> <span class='ocrx_word' id='word_1_78' title='bbox 721 979 1037 1035; x_wconf 86' lang='lat' dir='ltr'>Verfehlung,’&#39;</span> <span class='ocrx_word' id='word_1_79' title='bbox 1071 981 1236 1033; x_wconf 88' lang='lat' dir='ltr'>quippe</span> <span class='ocrx_word' id='word_1_80' title='bbox 1264 992 1376 1032; x_wconf 90' lang='lat' dir='ltr'>quae</span> <span class='ocrx_word' id='word_1_81' title='bbox 1399 994 1573 1022; x_wconf 90' lang='lat' dir='ltr'>summo</span> <span class='ocrx_word' id='word_1_82' title='bbox 1590 982 1784 1023; x_wconf 90' lang='lat' dir='ltr'>veritatis</span> <span class='ocrx_word' id='word_1_83' title='bbox 1802 985 2058 1026; x_wconf 91' lang='lat' dir='ltr'>testimonio</span> 
     </span>
     <span class='ocr_line' id='line_1_11' title="bbox 339 1051 2055 1102; baseline 0.003 -11"><span class='ocrx_word' id='word_1_84' title='bbox 339 1051 571 1092; x_wconf 84' lang='lat' dir='ltr'>obtrectet.</span> <span class='ocrx_word' id='word_1_85' title='bbox 606 1051 753 1092; x_wconf 88' lang='lat' dir='ltr'>Etiam</span> <span class='ocrx_word' id='word_1_86' title='bbox 785 1052 825 1092; x_wconf 92' lang='lat' dir='ltr'>ei</span> <span class='ocrx_word' id='word_1_87' title='bbox 858 1052 952 1100; x_wconf 89' lang='lat' dir='ltr'>erit,</span> <span class='ocrx_word' id='word_1_88' title='bbox 991 1052 1086 1102; x_wconf 86' lang='lat' dir='ltr'>„die</span> <span class='ocrx_word' id='word_1_89' title='bbox 1121 1052 1382 1094; x_wconf 89' lang='lat' dir='ltr'>Eidestreue</span> <span class='ocrx_word' id='word_1_90' title='bbox 1414 1052 1493 1094; x_wconf 92' lang='lat' dir='ltr'>der</span> <span class='ocrx_word' id='word_1_91' title='bbox 1517 1052 1827 1095; x_wconf 90' lang='lat' dir='ltr'>elementarste</span> <span class='ocrx_word' id='word_1_92' title='bbox 1845 1055 2055 1098; x_wconf 88' lang='lat' dir='ltr'>Bestand-</span> 
     </span>
     <span class='ocr_line' id='line_1_12' title="bbox 339 1122 2058 1177; baseline 0.004 -14"><span class='ocrx_word' id='word_1_93' title='bbox 339 1122 444 1163; x_wconf 91' lang='lat' dir='ltr'>theil</span> <span class='ocrx_word' id='word_1_94' title='bbox 475 1123 553 1164; x_wconf 89' lang='lat' dir='ltr'>der</span> <span class='ocrx_word' id='word_1_95' title='bbox 585 1123 1064 1165; x_wconf 86' lang='lat' dir='ltr'>Rechtschaffenheit.’&#39;</span> <span class='ocrx_word' id='word_1_96' title='bbox 1084 1122 1118 1177; x_wconf 85' lang='grc'>2)</span> <span class='ocrx_word' id='word_1_97' title='bbox 1151 1123 1247 1175; x_wconf 74' lang='grc' dir='ltr'><em>ἄνηρ</em></span> <span class='ocrx_word' id='word_1_98' title='bbox 1280 1137 1433 1165; x_wconf 88' lang='lat' dir='ltr'>revera</span> <span class='ocrx_word' id='word_1_99' title='bbox 1463 1127 1641 1173; x_wconf 72' lang='grc' dir='ltr'>γενναῖος</span> <span class='ocrx_word' id='word_1_100' title='bbox 1675 1125 1807 1167; x_wconf 87' lang='lat' dir='ltr'>fidem</span> <span class='ocrx_word' id='word_1_101' title='bbox 1846 1139 1934 1168; x_wconf 90' lang='lat' dir='ltr'>non</span> <span class='ocrx_word' id='word_1_102' title='bbox 1952 1127 2058 1170; x_wconf 86' lang='lat' dir='ltr'>fallit</span> 
     </span>
     <span class='ocr_line' id='line_1_13' title="bbox 339 1193 2056 1251; baseline 0.004 -17"><span class='ocrx_word' id='word_1_103' title='bbox 339 1193 477 1235; x_wconf 89' lang='lat' dir='ltr'>multo</span> <span class='ocrx_word' id='word_1_104' title='bbox 525 1194 668 1236; x_wconf 89' lang='lat' dir='ltr'>minus</span> <span class='ocrx_word' id='word_1_105' title='bbox 701 1208 923 1237; x_wconf 88' lang='lat' dir='ltr'>summum</span> <span class='ocrx_word' id='word_1_106' title='bbox 956 1195 1058 1237; x_wconf 90' lang='lat' dir='ltr'>fidei</span> <span class='ocrx_word' id='word_1_107' title='bbox 1091 1196 1421 1248; x_wconf 87' lang='lat' dir='ltr'>documentum,</span> <span class='ocrx_word' id='word_1_108' title='bbox 1455 1196 1519 1238; x_wconf 93' lang='lat' dir='ltr'>ius</span> <span class='ocrx_word' id='word_1_109' title='bbox 1551 1197 1781 1238; x_wconf 90' lang='lat' dir='ltr'>iurandum</span> <span class='ocrx_word' id='word_1_110' title='bbox 1797 1194 1845 1251; x_wconf 81' lang='lat'>³),</span> <span class='ocrx_word' id='word_1_111' title='bbox 1879 1199 2056 1241; x_wconf 87' lang='lat' dir='ltr'>minime</span> 
     </span>
     <span class='ocr_line' id='line_1_14' title="bbox 338 1266 2060 1324; baseline 0.003 -18"><span class='ocrx_word' id='word_1_112' title='bbox 338 1266 514 1318; x_wconf 92' lang='lat' dir='ltr'>quando</span> <span class='ocrx_word' id='word_1_113' title='bbox 547 1266 759 1320; x_wconf 82' lang='lat' dir='ltr'>intellegit</span> <span class='ocrx_word' id='word_1_114' title='bbox 790 1266 857 1307; x_wconf 91' lang='lat' dir='ltr'>ius</span> <span class='ocrx_word' id='word_1_115' title='bbox 889 1266 1120 1308; x_wconf 89' lang='lat' dir='ltr'>iurandum</span> <span class='ocrx_word' id='word_1_116' title='bbox 1157 1267 1294 1309; x_wconf 91' lang='lat' dir='ltr'>totius</span> <span class='ocrx_word' id='word_1_117' title='bbox 1327 1269 1388 1308; x_wconf 91' lang='lat' dir='ltr'>rei</span> <span class='ocrx_word' id='word_1_118' title='bbox 1421 1267 1621 1321; x_wconf 91' lang='lat' dir='ltr'>publicae</span> <span class='ocrx_word' id='word_1_119' title='bbox 1653 1281 1751 1310; x_wconf 91' lang='lat' dir='ltr'>esse</span> <span class='ocrx_word' id='word_1_120' title='bbox 1769 1269 1988 1312; x_wconf 89' lang='lat' dir='ltr'>vinculum</span> <span class='ocrx_word' id='word_1_121' title='bbox 2006 1268 2060 1324; x_wconf 79' lang='lat'>⁴).</span> 
     </span>
     <span class='ocr_line' id='line_1_15' title="bbox 339 1336 2059 1398; baseline 0.002 -20"><span class='ocrx_word' id='word_1_122' title='bbox 339 1337 468 1378; x_wconf 87' lang='lat' dir='ltr'>Haud</span> <span class='ocrx_word' id='word_1_123' title='bbox 500 1338 632 1379; x_wconf 90' lang='lat' dir='ltr'>dubie</span> <span class='ocrx_word' id='word_1_124' title='bbox 666 1350 780 1388; x_wconf 90' lang='lat' dir='ltr'>eum,</span> <span class='ocrx_word' id='word_1_125' title='bbox 814 1338 851 1378; x_wconf 88' lang='lat' dir='ltr'>si</span> <span class='ocrx_word' id='word_1_126' title='bbox 882 1338 1062 1391; x_wconf 91' lang='lat' dir='ltr'>peierat,</span> <span class='ocrx_word' id='word_1_127' title='bbox 1097 1339 1291 1380; x_wconf 88' lang='lat' dir='ltr'>manebit</span> <span class='ocrx_word' id='word_1_128' title='bbox 1322 1336 1475 1390; x_wconf 73' lang='grc' dir='ltr'><em>ἡπαρόι</em></span> <span class='ocrx_word' id='word_1_129' title='bbox 1491 1341 1572 1385; x_wconf 79' lang='grc' dir='ltr'>τοῖς</span> <span class='ocrx_word' id='word_1_130' title='bbox 1587 1336 1809 1390; x_wconf 67' lang='grc' dir='ltr'><em>ἀνθρώποις</em></span> <span class='ocrx_word' id='word_1_131' title='bbox 1826 1339 2003 1392; x_wconf 56' lang='lat' dir='ltr'>ocio-ximo</span> <span class='ocrx_word' id='word_1_132' title='bbox 2021 1339 2059 1398; x_wconf 84' lang='lat'>⁵)</span> 
     </span>
     <span class='ocr_line' id='line_1_16' title="bbox 338 1407 2055 1462; baseline 0.002 -13"><span class='ocrx_word' id='word_1_133' title='bbox 338 1409 483 1461; x_wconf 89' lang='lat' dir='ltr'>deque</span> <span class='ocrx_word' id='word_1_134' title='bbox 515 1422 569 1449; x_wconf 96' lang='lat' dir='ltr'>eo</span> <span class='ocrx_word' id='word_1_135' title='bbox 602 1408 763 1450; x_wconf 88' lang='lat' dir='ltr'>valebit</span> <span class='ocrx_word' id='word_1_136' title='bbox 795 1408 864 1450; x_wconf 89' lang='lat' dir='ltr'>illa</span> <span class='ocrx_word' id='word_1_137' title='bbox 896 1409 1125 1450; x_wconf 83' lang='lat' dir='ltr'>Deianirae</span> <span class='ocrx_word' id='word_1_138' title='bbox 1153 1410 1372 1451; x_wconf 90' lang='lat' dir='ltr'>sententia</span> <span class='ocrx_word' id='word_1_139' title='bbox 1394 1409 1443 1456; x_wconf 82' lang='grc' dir='ltr'>ὡς</span> <span class='ocrx_word' id='word_1_140' title='bbox 1461 1407 1661 1462; x_wconf 68' lang='grc' dir='ltr'><em>ἐλευθέρῳ</em></span> <span class='ocrx_word' id='word_1_141' title='bbox 1682 1409 1823 1461; x_wconf 82' lang='grc' dir='ltr'><em>ψευδεῖ</em></span> <span class='ocrx_word' id='word_1_142' title='bbox 1835 1409 2055 1454; x_wconf 71' lang='grc' dir='ltr'><strong><em>καλεῖσθαι</em></strong></span> 
     </span>
     <span class='ocr_line' id='line_1_17' title="bbox 338 1477 2058 1538; baseline 0.004 -19"><span class='ocrx_word' id='word_1_143' title='bbox 338 1478 408 1531; x_wconf 72' lang='grc' dir='ltr'>κὴρ</span> <span class='ocrx_word' id='word_1_144' title='bbox 451 1477 661 1530; x_wconf 79' lang='grc' dir='ltr'><em>πρόσεστιν</em></span> <span class='ocrx_word' id='word_1_145' title='bbox 703 1479 744 1520; x_wconf 83' lang='grc' dir='ltr'>οὐ</span> <span class='ocrx_word' id='word_1_146' title='bbox 790 1479 910 1528; x_wconf 73' lang='grc' dir='ltr'><em>καλή.</em></span> <span class='ocrx_word' id='word_1_147' title='bbox 952 1481 1137 1522; x_wconf 88' lang='lat' dir='ltr'>Etiamsi</span> <span class='ocrx_word' id='word_1_148' title='bbox 1179 1482 1359 1522; x_wconf 90' lang='lat' dir='ltr'>omnino</span> <span class='ocrx_word' id='word_1_149' title='bbox 1401 1494 1489 1523; x_wconf 90' lang='lat' dir='ltr'>non</span> <span class='ocrx_word' id='word_1_150' title='bbox 1523 1482 1706 1524; x_wconf 91' lang='lat' dir='ltr'>deorum</span> <span class='ocrx_word' id='word_1_151' title='bbox 1739 1496 1927 1536; x_wconf 90' lang='lat' dir='ltr'>poenam</span> <span class='ocrx_word' id='word_1_152' title='bbox 1959 1485 2058 1538; x_wconf 90' lang='lat' dir='ltr'>quis</span> 
     </span>
     <span class='ocr_line' id='line_1_18' title="bbox 339 1549 2059 1609; baseline 0.003 -16"><span class='ocrx_word' id='word_1_153' title='bbox 339 1558 476 1605; x_wconf 90' lang='lat' dir='ltr'>curat,</span> <span class='ocrx_word' id='word_1_154' title='bbox 523 1565 623 1593; x_wconf 92' lang='lat' dir='ltr'>cum</span> <span class='ocrx_word' id='word_1_155' title='bbox 670 1552 829 1593; x_wconf 90' lang='lat' dir='ltr'>Medea</span> <span class='ocrx_word' id='word_1_156' title='bbox 876 1553 999 1604; x_wconf 92' lang='lat' dir='ltr'>queri</span> <span class='ocrx_word' id='word_1_157' title='bbox 1042 1554 1206 1606; x_wconf 90' lang='lat' dir='ltr'>poterit</span> <span class='ocrx_word' id='word_1_158' title='bbox 1247 1549 1363 1603; x_wconf 72' lang='grc' dir='ltr'><em>ὅρκων</em></span> <span class='ocrx_word' id='word_1_159' title='bbox 1395 1550 1527 1594; x_wconf 78' lang='grc' dir='ltr'><em>πίστιν</em></span> <span class='ocrx_word' id='word_1_160' title='bbox 1562 1555 1730 1604; x_wconf 82' lang='lat' dir='ltr'>abesse,</span> <span class='ocrx_word' id='word_1_161' title='bbox 1775 1555 1939 1609; x_wconf 89' lang='lat' dir='ltr'>quippe</span> <span class='ocrx_word' id='word_1_162' title='bbox 1971 1569 2059 1609; x_wconf 88' lang='lat' dir='ltr'>qua</span> 
     </span>
     <span class='ocr_line' id='line_1_19' title="bbox 339 1623 2055 1680; baseline 0.003 -16"><span class='ocrx_word' id='word_1_163' title='bbox 339 1623 511 1665; x_wconf 89' lang='lat' dir='ltr'>sublata</span> <span class='ocrx_word' id='word_1_164' title='bbox 552 1623 656 1665; x_wconf 91' lang='lat' dir='ltr'>nihil</span> <span class='ocrx_word' id='word_1_165' title='bbox 698 1630 886 1674; x_wconf 88' lang='lat' dir='ltr'>constet,</span> <span class='ocrx_word' id='word_1_166' title='bbox 920 1623 1024 1665; x_wconf 92' lang='lat' dir='ltr'>nihil</span> <span class='ocrx_word' id='word_1_167' title='bbox 1057 1624 1368 1666; x_wconf 88' lang='lat' dir='ltr'>confidendum</span> <span class='ocrx_word' id='word_1_168' title='bbox 1400 1626 1469 1666; x_wconf 91' lang='lat' dir='ltr'>sit.</span> <span class='ocrx_word' id='word_1_169' title='bbox 1503 1624 1590 1679; x_wconf 81' lang='lat' dir='ltr'>Qui</span> <span class='ocrx_word' id='word_1_170' title='bbox 1622 1626 1737 1666; x_wconf 92' lang='lat' dir='ltr'>enim</span> <span class='ocrx_word' id='word_1_171' title='bbox 1765 1626 1860 1668; x_wconf 86' lang='lat' dir='ltr'>fieri</span> <span class='ocrx_word' id='word_1_172' title='bbox 1892 1634 2055 1680; x_wconf 88' lang='lat' dir='ltr'>potest,</span> 
     </span>
     <span class='ocr_line' id='line_1_20' title="bbox 339 1695 1188 1746; baseline 0.001 -10"><span class='ocrx_word' id='word_1_173' title='bbox 339 1701 385 1736; x_wconf 92' lang='lat' dir='ltr'>ut</span> <span class='ocrx_word' id='word_1_174' title='bbox 420 1695 506 1737; x_wconf 89' lang='lat' dir='ltr'>fide</span> <span class='ocrx_word' id='word_1_175' title='bbox 537 1695 723 1746; x_wconf 87' lang='lat' dir='ltr'>sublata,</span> <span class='ocrx_word' id='word_1_176' title='bbox 758 1709 905 1737; x_wconf 91' lang='lat' dir='ltr'>mores</span> <span class='ocrx_word' id='word_1_177' title='bbox 936 1696 1023 1737; x_wconf 92' lang='lat' dir='ltr'>sint</span> <span class='ocrx_word' id='word_1_178' title='bbox 1054 1696 1188 1737; x_wconf 87' lang='lat' dir='ltr'>boni?</span> 
     </span>
    </p>

    <p class='ocr_par' dir='ltr' id='par_1_4' title="bbox 337 1766 2058 2610">
     <span class='ocr_line' id='line_1_21' title="bbox 398 1766 2058 1826; baseline 0.003 -19"><span class='ocrx_word' id='word_1_179' title='bbox 398 1766 554 1819; x_wconf 90' lang='lat' dir='ltr'>Neque</span> <span class='ocrx_word' id='word_1_180' title='bbox 586 1767 716 1822; x_wconf 89' lang='lat' dir='ltr'>igitur</span> <span class='ocrx_word' id='word_1_181' title='bbox 748 1768 800 1819; x_wconf 91' lang='lat' dir='ltr'>ei,</span> <span class='ocrx_word' id='word_1_182' title='bbox 835 1767 910 1819; x_wconf 92' lang='lat' dir='ltr'>qui</span> <span class='ocrx_word' id='word_1_183' title='bbox 941 1767 1084 1822; x_wconf 88' lang='lat' dir='ltr'>legem</span> <span class='ocrx_word' id='word_1_184' title='bbox 1117 1767 1327 1808; x_wconf 89' lang='lat' dir='ltr'>moralem</span> <span class='ocrx_word' id='word_1_185' title='bbox 1359 1780 1472 1820; x_wconf 92' lang='lat' dir='ltr'>quae</span> <span class='ocrx_word' id='word_1_186' title='bbox 1504 1769 1676 1823; x_wconf 89' lang='lat' dir='ltr'>dicitur,</span> <span class='ocrx_word' id='word_1_187' title='bbox 1702 1769 1827 1811; x_wconf 90' lang='lat' dir='ltr'>adiis</span> <span class='ocrx_word' id='word_1_188' title='bbox 1843 1771 2058 1826; x_wconf 88' lang='lat' dir='ltr'>originem</span> 
     </span>
     <span class='ocr_line' id='line_1_22' title="bbox 338 1838 2058 1895; baseline 0.003 -16"><span class='ocrx_word' id='word_1_189' title='bbox 338 1838 513 1891; x_wconf 87' lang='lat' dir='ltr'>habere,</span> <span class='ocrx_word' id='word_1_190' title='bbox 551 1839 798 1888; x_wconf 82' lang='lat' dir='ltr'>arbitratur,</span> <span class='ocrx_word' id='word_1_191' title='bbox 842 1851 987 1892; x_wconf 91' lang='lat' dir='ltr'>neque</span> <span class='ocrx_word' id='word_1_192' title='bbox 1029 1839 1082 1891; x_wconf 90' lang='lat' dir='ltr'>ei,</span> <span class='ocrx_word' id='word_1_193' title='bbox 1126 1839 1200 1891; x_wconf 91' lang='lat' dir='ltr'>qui</span> <span class='ocrx_word' id='word_1_194' title='bbox 1244 1846 1369 1892; x_wconf 91' lang='lat' dir='ltr'>putat</span> <span class='ocrx_word' id='word_1_195' title='bbox 1402 1840 1514 1881; x_wconf 88' lang='lat' dir='ltr'>hanc</span> <span class='ocrx_word' id='word_1_196' title='bbox 1546 1840 1687 1895; x_wconf 86' lang='lat' dir='ltr'>legem</span> <span class='ocrx_word' id='word_1_197' title='bbox 1721 1842 1777 1882; x_wconf 90' lang='lat' dir='ltr'>ab</span> <span class='ocrx_word' id='word_1_198' title='bbox 1807 1841 2058 1886; x_wconf 90' lang='lat' dir='ltr'>hominibus</span> 
     </span>
     <span class='ocr_line' id='line_1_23' title="bbox 338 1910 2056 1965; baseline 0.003 -14"><span class='ocrx_word' id='word_1_199' title='bbox 338 1911 584 1951; x_wconf 88' lang='lat' dir='ltr'>institutam</span> <span class='ocrx_word' id='word_1_200' title='bbox 617 1910 673 1951; x_wconf 90' lang='lat' dir='ltr'>ad</span> <span class='ocrx_word' id='word_1_201' title='bbox 704 1910 906 1952; x_wconf 89' lang='lat' dir='ltr'>homines</span> <span class='ocrx_word' id='word_1_202' title='bbox 940 1911 1054 1952; x_wconf 91' lang='lat' dir='ltr'>inter</span> <span class='ocrx_word' id='word_1_203' title='bbox 1085 1924 1133 1951; x_wconf 92' lang='lat' dir='ltr'>se</span> <span class='ocrx_word' id='word_1_204' title='bbox 1170 1910 1288 1952; x_wconf 90' lang='lat' dir='ltr'>solos</span> <span class='ocrx_word' id='word_1_205' title='bbox 1305 1912 1525 1964; x_wconf 88' lang='lat' dir='ltr'>pertinere</span> <span class='ocrx_word' id='word_1_206' title='bbox 1543 1912 1868 1965; x_wconf 87' lang='lat' dir='ltr'>periuriumque</span> <span class='ocrx_word' id='word_1_207' title='bbox 1885 1920 2056 1956; x_wconf 90' lang='lat' dir='ltr'>tantum</span> 
     </span>
     <span class='ocr_line' id='line_1_24' title="bbox 338 1983 2056 2037; baseline 0.003 -14"><span class='ocrx_word' id='word_1_208' title='bbox 338 1995 436 2023; x_wconf 90' lang='lat' dir='ltr'>esse</span> <span class='ocrx_word' id='word_1_209' title='bbox 463 1988 696 2035; x_wconf 88' lang='lat' dir='ltr'>peccatum</span> <span class='ocrx_word' id='word_1_210' title='bbox 730 1988 885 2024; x_wconf 89' lang='lat' dir='ltr'>contra</span> <span class='ocrx_word' id='word_1_211' title='bbox 915 1996 963 2023; x_wconf 93' lang='lat' dir='ltr'>se</span> <span class='ocrx_word' id='word_1_212' title='bbox 990 1983 1133 2035; x_wconf 88' lang='lat' dir='ltr'>ipsum</span> <span class='ocrx_word' id='word_1_213' title='bbox 1151 1989 1284 2035; x_wconf 87' lang='lat' dir='ltr'>atque</span> <span class='ocrx_word' id='word_1_214' title='bbox 1301 1983 1419 2024; x_wconf 90' lang='lat' dir='ltr'>cives</span> <span class='ocrx_word' id='word_1_215' title='bbox 1437 1996 1540 2024; x_wconf 89' lang='lat' dir='ltr'>suos</span> <span class='ocrx_word' id='word_1_216' title='bbox 1559 1984 1856 2037; x_wconf 89' lang='lat' dir='ltr'>commissum,</span> <span class='ocrx_word' id='word_1_217' title='bbox 1875 1985 2056 2028; x_wconf 91' lang='lat' dir='ltr'>dubium</span> 
     </span>
     <span class='ocr_line' id='line_1_25' title="bbox 339 2054 2058 2107; baseline 0.003 -13"><span class='ocrx_word' id='word_1_218' title='bbox 339 2067 436 2094; x_wconf 90' lang='lat' dir='ltr'>esse</span> <span class='ocrx_word' id='word_1_219' title='bbox 468 2060 631 2107; x_wconf 89' lang='lat' dir='ltr'>potest,</span> <span class='ocrx_word' id='word_1_220' title='bbox 674 2066 820 2095; x_wconf 90' lang='lat' dir='ltr'>annon</span> <span class='ocrx_word' id='word_1_221' title='bbox 853 2054 909 2095; x_wconf 89' lang='lat' dir='ltr'>sit</span> <span class='ocrx_word' id='word_1_222' title='bbox 941 2055 1192 2107; x_wconf 84' lang='lat' dir='ltr'>periurium,</span> <span class='ocrx_word' id='word_1_223' title='bbox 1226 2055 1347 2107; x_wconf 93' lang='lat' dir='ltr'>quod</span> <span class='ocrx_word' id='word_1_224' title='bbox 1379 2055 1535 2096; x_wconf 92' lang='lat' dir='ltr'>Rohde</span> <span class='ocrx_word' id='word_1_225' title='bbox 1569 2055 1675 2096; x_wconf 91' lang='lat' dir='ltr'>dicit</span> <span class='ocrx_word' id='word_1_226' title='bbox 1708 2056 1835 2106; x_wconf 83' lang='lat' dir='ltr'>„eine</span> <span class='ocrx_word' id='word_1_227' title='bbox 1867 2057 2058 2099; x_wconf 90' lang='lat' dir='ltr'>sittliche</span> 
     </span>
     <span class='ocr_line' id='line_1_26' title="bbox 338 2125 2056 2184; baseline 0.002 -18"><span class='ocrx_word' id='word_1_228' title='bbox 338 2125 653 2180; x_wconf 79' lang='lat' dir='ltr'>Verfehlung,&#39;&#39;</span> <span class='ocrx_word' id='word_1_229' title='bbox 687 2125 886 2181; x_wconf 84' lang='lat' dir='ltr'>Tragicis</span> <span class='ocrx_word' id='word_1_230' title='bbox 918 2126 1062 2178; x_wconf 90' lang='lat' dir='ltr'>poetis</span> <span class='ocrx_word' id='word_1_231' title='bbox 1094 2132 1242 2166; x_wconf 91' lang='lat' dir='ltr'>tamen</span> <span class='ocrx_word' id='word_1_232' title='bbox 1270 2126 1509 2178; x_wconf 90' lang='lat' dir='ltr'>periurium</span> <span class='ocrx_word' id='word_1_233' title='bbox 1536 2133 1604 2167; x_wconf 88' lang='lat' dir='ltr'>est</span> <span class='ocrx_word' id='word_1_234' title='bbox 1631 2127 1794 2180; x_wconf 90' lang='lat' dir='ltr'>aliquid</span> <span class='ocrx_word' id='word_1_235' title='bbox 1810 2127 1949 2170; x_wconf 87' lang='lat' dir='ltr'>multo</span> <span class='ocrx_word' id='word_1_236' title='bbox 1964 2142 2056 2184; x_wconf 85' lang='lat' dir='ltr'>gra-</span> 
     </span>
     <span class='ocr_line' id='line_1_27' title="bbox 338 2197 2057 2250; baseline 0.002 -12"><span class='ocrx_word' id='word_1_237' title='bbox 338 2197 457 2238; x_wconf 89' lang='lat' dir='ltr'>vius:</span> <span class='ocrx_word' id='word_1_238' title='bbox 493 2197 550 2239; x_wconf 91' lang='lat' dir='ltr'>Ut</span> <span class='ocrx_word' id='word_1_239' title='bbox 582 2197 783 2250; x_wconf 90' lang='lat' dir='ltr'>apparuit</span> <span class='ocrx_word' id='word_1_240' title='bbox 819 2203 863 2238; x_wconf 92' lang='lat' dir='ltr'>et</span> <span class='ocrx_word' id='word_1_241' title='bbox 897 2210 955 2238; x_wconf 90' lang='lat' dir='ltr'>ex</span> <span class='ocrx_word' id='word_1_242' title='bbox 986 2197 1091 2250; x_wconf 89' lang='lat' dir='ltr'>ipsis</span> <span class='ocrx_word' id='word_1_243' title='bbox 1110 2197 1212 2238; x_wconf 90' lang='lat' dir='ltr'>iuris</span> <span class='ocrx_word' id='word_1_244' title='bbox 1232 2198 1402 2238; x_wconf 88' lang='lat' dir='ltr'>iurandi</span> <span class='ocrx_word' id='word_1_245' title='bbox 1419 2199 1563 2239; x_wconf 88' lang='lat' dir='ltr'>verbis</span> <span class='ocrx_word' id='word_1_246' title='bbox 1582 2205 1624 2239; x_wconf 89' lang='lat' dir='ltr'>et</span> <span class='ocrx_word' id='word_1_247' title='bbox 1643 2213 1666 2239; x_wconf 96' lang='lat' dir='ltr'>e</span> <span class='ocrx_word' id='word_1_248' title='bbox 1684 2199 1959 2240; x_wconf 90' lang='lat' dir='ltr'>caerimoniis</span> <span class='ocrx_word' id='word_1_249' title='bbox 1976 2200 2057 2242; x_wconf 88' lang='lat' dir='ltr'>iuri</span> 
     </span>
     <span class='ocr_line' id='line_1_28' title="bbox 337 2268 2057 2325; baseline 0.003 -16"><span class='ocrx_word' id='word_1_250' title='bbox 337 2269 520 2310; x_wconf 90' lang='lat' dir='ltr'>iurando</span> <span class='ocrx_word' id='word_1_251' title='bbox 552 2269 714 2310; x_wconf 91' lang='lat' dir='ltr'>additis</span> <span class='ocrx_word' id='word_1_252' title='bbox 746 2275 789 2310; x_wconf 88' lang='lat' dir='ltr'>et</span> <span class='ocrx_word' id='word_1_253' title='bbox 820 2282 844 2310; x_wconf 91' lang='lat' dir='ltr'>e</span> <span class='ocrx_word' id='word_1_254' title='bbox 875 2268 1142 2323; x_wconf 85' lang='lat' dir='ltr'>gravissimis</span> <span class='ocrx_word' id='word_1_255' title='bbox 1175 2269 1351 2321; x_wconf 90' lang='lat' dir='ltr'>periurii</span> <span class='ocrx_word' id='word_1_256' title='bbox 1382 2269 1537 2322; x_wconf 89' lang='lat' dir='ltr'>poenis</span> <span class='ocrx_word' id='word_1_257' title='bbox 1571 2276 1615 2310; x_wconf 92' lang='lat' dir='ltr'>et</span> <span class='ocrx_word' id='word_1_258' title='bbox 1647 2283 1672 2311; x_wconf 91' lang='lat' dir='ltr'>e</span> <span class='ocrx_word' id='word_1_259' title='bbox 1705 2270 1865 2323; x_wconf 92' lang='lat' dir='ltr'>verbis,</span> <span class='ocrx_word' id='word_1_260' title='bbox 1897 2271 2057 2325; x_wconf 89' lang='lat' dir='ltr'>quibus</span> 
     </span>
     <span class='ocr_line' id='line_1_29' title="bbox 338 2339 2056 2393; baseline 0.002 -13"><span class='ocrx_word' id='word_1_261' title='bbox 338 2339 394 2380; x_wconf 92' lang='lat' dir='ltr'>de</span> <span class='ocrx_word' id='word_1_262' title='bbox 441 2339 533 2380; x_wconf 91' lang='lat' dir='ltr'>iure</span> <span class='ocrx_word' id='word_1_263' title='bbox 579 2340 763 2381; x_wconf 89' lang='lat' dir='ltr'>iurando</span> <span class='ocrx_word' id='word_1_264' title='bbox 806 2346 874 2381; x_wconf 88' lang='lat' dir='ltr'>est</span> <span class='ocrx_word' id='word_1_265' title='bbox 921 2352 1080 2390; x_wconf 88' lang='lat' dir='ltr'>sermo,</span> <span class='ocrx_word' id='word_1_266' title='bbox 1124 2340 1179 2381; x_wconf 88' lang='lat' dir='ltr'>ad</span> <span class='ocrx_word' id='word_1_267' title='bbox 1223 2340 1332 2381; x_wconf 91' lang='lat' dir='ltr'>deos</span> <span class='ocrx_word' id='word_1_268' title='bbox 1375 2340 1459 2381; x_wconf 95' lang='lat' dir='ltr'>hoc</span> <span class='ocrx_word' id='word_1_269' title='bbox 1502 2342 1706 2393; x_wconf 89' lang='lat' dir='ltr'>pertinet,</span> <span class='ocrx_word' id='word_1_270' title='bbox 1751 2342 1960 2393; x_wconf 87' lang='lat' dir='ltr'>peierare,</span> <span class='ocrx_word' id='word_1_271' title='bbox 2005 2343 2056 2384; x_wconf 93' lang='lat' dir='ltr'>iis</span> 
     </span>
     <span class='ocr_line' id='line_1_30' title="bbox 338 2407 2056 2468; baseline 0.003 -18"><span class='ocrx_word' id='word_1_272' title='bbox 338 2416 406 2451; x_wconf 92' lang='lat' dir='ltr'>est</span> <span class='ocrx_word' id='word_1_273' title='bbox 438 2409 491 2456; x_wconf 82' lang='grc' dir='ltr'>εἰς</span> <span class='ocrx_word' id='word_1_274' title='bbox 523 2407 641 2457; x_wconf 71' lang='grc' dir='ltr'><em>θεούς</em></span> <span class='ocrx_word' id='word_1_275' title='bbox 672 2408 934 2462; x_wconf 68' lang='grc' dir='ltr'>ἁμαρτάνειν.</span> <span class='ocrx_word' id='word_1_276' title='bbox 976 2411 1088 2452; x_wconf 88' lang='lat' dir='ltr'>Eam</span> <span class='ocrx_word' id='word_1_277' title='bbox 1119 2412 1177 2452; x_wconf 90' lang='lat' dir='ltr'>ob</span> <span class='ocrx_word' id='word_1_278' title='bbox 1207 2424 1386 2452; x_wconf 88' lang='lat' dir='ltr'>causam</span> <span class='ocrx_word' id='word_1_279' title='bbox 1419 2412 1499 2453; x_wconf 91' lang='lat' dir='ltr'>iuri</span> <span class='ocrx_word' id='word_1_280' title='bbox 1531 2412 1713 2454; x_wconf 87' lang='lat' dir='ltr'>iurando</span> <span class='ocrx_word' id='word_1_281' title='bbox 1746 2426 1903 2468; x_wconf 86' lang='lat' dir='ltr'>magna</span> <span class='ocrx_word' id='word_1_282' title='bbox 1934 2415 2056 2455; x_wconf 89' lang='lat' dir='ltr'>attri-</span> 
     </span>
     <span class='ocr_line' id='line_1_31' title="bbox 338 2482 2055 2536; baseline 0.002 -13"><span class='ocrx_word' id='word_1_283' title='bbox 338 2482 486 2523; x_wconf 89' lang='lat' dir='ltr'>buitur</span> <span class='ocrx_word' id='word_1_284' title='bbox 532 2483 770 2524; x_wconf 85' lang='lat' dir='ltr'>auctoritas</span> <span class='ocrx_word' id='word_1_285' title='bbox 819 2484 1100 2535; x_wconf 86' lang='lat' dir='ltr'>maximeque</span> <span class='ocrx_word' id='word_1_286' title='bbox 1143 2483 1418 2536; x_wconf 89' lang='lat' dir='ltr'>improbatur</span> <span class='ocrx_word' id='word_1_287' title='bbox 1463 2483 1711 2536; x_wconf 78' lang='lat' dir='ltr'>periurium.</span> <span class='ocrx_word' id='word_1_288' title='bbox 1762 2484 1841 2525; x_wconf 90' lang='lat' dir='ltr'>Est</span> <span class='ocrx_word' id='word_1_289' title='bbox 1888 2485 1938 2525; x_wconf 90' lang='lat' dir='ltr'>iis</span> <span class='ocrx_word' id='word_1_290' title='bbox 1989 2485 2055 2527; x_wconf 91' lang='lat' dir='ltr'>ius</span> 
     </span>
     <span class='ocr_line' id='line_1_32' title="bbox 338 2553 1639 2610; baseline 0.002 -16"><span class='ocrx_word' id='word_1_291' title='bbox 338 2553 569 2595; x_wconf 90' lang='lat' dir='ltr'>iurandum</span> <span class='ocrx_word' id='word_1_292' title='bbox 601 2560 726 2595; x_wconf 91' lang='lat' dir='ltr'>actus</span> <span class='ocrx_word' id='word_1_293' title='bbox 762 2554 1003 2610; x_wconf 86' lang='lat' dir='ltr'>religiosus,</span> <span class='ocrx_word' id='word_1_294' title='bbox 1037 2562 1105 2596; x_wconf 90' lang='lat' dir='ltr'>est</span> <span class='ocrx_word' id='word_1_295' title='bbox 1138 2555 1406 2596; x_wconf 90' lang='lat' dir='ltr'>contestatio</span> <span class='ocrx_word' id='word_1_296' title='bbox 1437 2555 1639 2596; x_wconf 88' lang='lat' dir='ltr'>deorum.</span> 
     </span>
    </p>
   </div>
   <div class='ocr_carea' id='block_1_3' title="bbox 345 2855 619 2861">
    <p class='ocr_par' dir='ltr' id='par_1_5' title="bbox 345 2855 619 2861">
     <span class='ocr_line' id='line_1_33' title="bbox 345 2855 619 2861; baseline 0 0"><span class='ocrx_word' id='word_1_297' title='bbox 345 2855 619 2861; x_wconf 95' lang='lat' dir='ltr'> </span> 
     </span>
    </p>
   </div>
   <div class='ocr_carea' id='block_1_4' title="bbox 341 2901 2052 3247">
    <p class='ocr_par' dir='ltr' id='par_1_6' title="bbox 391 2901 727 2947">
     <span class='ocr_line' id='line_1_34' title="bbox 391 2901 727 2947; baseline 0 -11"><span class='ocrx_word' id='word_1_298' title='bbox 391 2901 422 2947; x_wconf 92' lang='lat'>1)</span> <span class='ocrx_word' id='word_1_299' title='bbox 449 2902 497 2939; x_wconf 87' lang='lat' dir='ltr'>cf.</span> <span class='ocrx_word' id='word_1_300' title='bbox 525 2903 633 2938; x_wconf 89' lang='lat' dir='ltr'>Leue</span> <span class='ocrx_word' id='word_1_301' title='bbox 661 2902 682 2937; x_wconf 90' lang='grc' dir='ltr'>Ι.</span> <span class='ocrx_word' id='word_1_302' title='bbox 707 2902 727 2937; x_wconf 91' lang='lat' dir='ltr'>l.</span> 
     </span>
    </p>

    <p class='ocr_par' dir='ltr' id='par_1_7' title="bbox 388 2961 797 3004">
     <span class='ocr_line' id='line_1_35' title="bbox 388 2961 797 3004; baseline 0.002 -9"><span class='ocrx_word' id='word_1_303' title='bbox 388 2961 423 3004; x_wconf 92' lang='lat'>2)</span> <span class='ocrx_word' id='word_1_304' title='bbox 448 2962 496 2998; x_wconf 83' lang='lat' dir='ltr'>cf.</span> <span class='ocrx_word' id='word_1_305' title='bbox 523 2962 702 2997; x_wconf 89' lang='lat' dir='ltr'>Schmidt</span> <span class='ocrx_word' id='word_1_306' title='bbox 728 2962 748 2996; x_wconf 89' lang='lat' dir='ltr'>l.</span> <span class='ocrx_word' id='word_1_307' title='bbox 777 2962 797 2996; x_wconf 92' lang='grc' dir='ltr'>Ι.</span> 
     </span>
    </p>

    <p class='ocr_par' dir='ltr' id='par_1_8' title="bbox 388 3021 853 3065">
     <span class='ocr_line' id='line_1_36' title="bbox 388 3021 853 3065; baseline 0.002 -9"><span class='ocrx_word' id='word_1_308' title='bbox 388 3024 423 3063; x_wconf 88' lang='lat'>3)</span> <span class='ocrx_word' id='word_1_309' title='bbox 450 3021 498 3056; x_wconf 87' lang='lat' dir='ltr'>cf.</span> <span class='ocrx_word' id='word_1_310' title='bbox 524 3021 571 3057; x_wconf 91' lang='lat' dir='ltr'>O.</span> <span class='ocrx_word' id='word_1_311' title='bbox 599 3021 639 3057; x_wconf 92' lang='lat' dir='ltr'>C.</span> <span class='ocrx_word' id='word_1_312' title='bbox 666 3033 722 3056; x_wconf 87' lang='lat' dir='ltr'>vs.</span> <span class='ocrx_word' id='word_1_313' title='bbox 753 3025 853 3065; x_wconf 88' lang='lat'>1637.</span> 
     </span>
    </p>

    <p class='ocr_par' dir='ltr' id='par_1_9' title="bbox 388 3080 1009 3128">
     <span class='ocr_line' id='line_1_37' title="bbox 388 3080 1009 3128; baseline 0.005 -13"><span class='ocrx_word' id='word_1_314' title='bbox 388 3087 423 3122; x_wconf 89' lang='lat'>4)</span> <span class='ocrx_word' id='word_1_315' title='bbox 449 3080 494 3115; x_wconf 87' lang='lat' dir='ltr'>cf.</span> <span class='ocrx_word' id='word_1_316' title='bbox 523 3080 673 3118; x_wconf 83' lang='lat' dir='ltr'>Andoc.</span> <span class='ocrx_word' id='word_1_317' title='bbox 704 3093 732 3124; x_wconf 83' lang='lat'>1,</span> <span class='ocrx_word' id='word_1_318' title='bbox 758 3093 803 3127; x_wconf 78' lang='lat'>93</span> <span class='ocrx_word' id='word_1_319' title='bbox 831 3081 925 3128; x_wconf 90' lang='lat' dir='ltr'>Lyc.</span> <span class='ocrx_word' id='word_1_320' title='bbox 953 3091 1009 3125; x_wconf 91' lang='lat'>79.</span> 
     </span>
    </p>

    <p class='ocr_par' dir='ltr' id='par_1_10' title="bbox 341 3139 2052 3247">
     <span class='ocr_line' id='line_1_38' title="bbox 389 3139 2052 3188; baseline 0.002 -14"><span class='ocrx_word' id='word_1_321' title='bbox 389 3143 425 3183; x_wconf 84' lang='lat'>5)</span> <span class='ocrx_word' id='word_1_322' title='bbox 451 3139 499 3174; x_wconf 90' lang='lat' dir='ltr'>cf.</span> <span class='ocrx_word' id='word_1_323' title='bbox 538 3139 650 3177; x_wconf 88' lang='lat' dir='ltr'>Rhet.</span> <span class='ocrx_word' id='word_1_324' title='bbox 688 3140 738 3175; x_wconf 92' lang='lat' dir='ltr'>ad</span> <span class='ocrx_word' id='word_1_325' title='bbox 775 3141 886 3176; x_wconf 88' lang='lat' dir='ltr'>Alex.</span> <span class='ocrx_word' id='word_1_326' title='bbox 925 3141 945 3175; x_wconf 90' lang='lat' dir='ltr'>l.</span> <span class='ocrx_word' id='word_1_327' title='bbox 973 3141 995 3176; x_wconf 89' lang='lat'>1.</span> <span class='ocrx_word' id='word_1_328' title='bbox 1032 3141 1123 3176; x_wconf 88' lang='lat' dir='ltr'>Dar.</span> <span class='ocrx_word' id='word_1_329' title='bbox 1162 3146 1202 3177; x_wconf 87' lang='lat' dir='ltr'>et</span> <span class='ocrx_word' id='word_1_330' title='bbox 1239 3141 1339 3188; x_wconf 89' lang='lat' dir='ltr'>Sagl.</span> <span class='ocrx_word' id='word_1_331' title='bbox 1374 3142 1396 3179; x_wconf 90' lang='grc'>1.</span> <span class='ocrx_word' id='word_1_332' title='bbox 1423 3142 1443 3178; x_wconf 96' lang='lat' dir='ltr'>l.</span> <span class='ocrx_word' id='word_1_333' title='bbox 1471 3143 1519 3178; x_wconf 84' lang='lat' dir='ltr'>cs.</span> <span class='ocrx_word' id='word_1_334' title='bbox 1546 3143 1667 3180; x_wconf 90' lang='lat' dir='ltr'>Thuc.</span> <span class='ocrx_word' id='word_1_335' title='bbox 1693 3144 1725 3187; x_wconf 84' lang='grc' dir='ltr'>Ι,</span> <span class='ocrx_word' id='word_1_336' title='bbox 1752 3153 1807 3187; x_wconf 87' lang='lat'>71,</span> <span class='ocrx_word' id='word_1_337' title='bbox 1834 3155 1879 3185; x_wconf 81' lang='lat'>43</span> <span class='ocrx_word' id='word_1_338' title='bbox 1906 3143 2052 3178; x_wconf 87' lang='lat' dir='ltr'>Platon·</span> 
     </span>
     <span class='ocr_line' id='line_1_39' title="bbox 341 3197 1226 3247; baseline 0.006 -15"><span class='ocrx_word' id='word_1_339' title='bbox 341 3197 460 3243; x_wconf 83' lang='lat' dir='ltr'>Legg.</span> <span class='ocrx_word' id='word_1_340' title='bbox 489 3209 523 3243; x_wconf 92' lang='lat' dir='ltr'>p.</span> <span class='ocrx_word' id='word_1_341' title='bbox 551 3209 630 3242; x_wconf 89' lang='lat'>917,</span> <span class='ocrx_word' id='word_1_342' title='bbox 658 3200 706 3243; x_wconf 91' lang='lat' dir='ltr'>B;</span> <span class='ocrx_word' id='word_1_343' title='bbox 736 3200 816 3236; x_wconf 91' lang='lat' dir='ltr'>Cic.</span> <span class='ocrx_word' id='word_1_344' title='bbox 843 3201 892 3235; x_wconf 91' lang='lat' dir='ltr'>de</span> <span class='ocrx_word' id='word_1_345' title='bbox 918 3200 1016 3247; x_wconf 84' lang='lat' dir='ltr'>legg.</span> <span class='ocrx_word' id='word_1_346' title='bbox 1043 3201 1084 3243; x_wconf 89' lang='lat'>11,</span> <span class='ocrx_word' id='word_1_347' title='bbox 1111 3212 1144 3246; x_wconf 88' lang='grc'>9,</span> <span class='ocrx_word' id='word_1_348' title='bbox 1172 3212 1226 3238; x_wconf 89' lang='lat'>22.</span> 
     </span>
    </p>
   </div>
   <div class='ocr_carea' id='block_1_5' title="bbox 2286 0 2326 2808">
    <p class='ocr_par' dir='ltr' id='par_1_11' title="bbox 2286 0 2326 2808">
     <span class='ocr_line' id='line_1_40' title="bbox 2286 0 2326 2808; baseline 0 0"><span class='ocrx_word' id='word_1_349' title='bbox 2286 0 2326 2808; x_wconf 95' lang='lat' dir='ltr'> </span> 
     </span>
    </p>
   </div>
   <div class='ocr_carea' id='block_1_6' title="bbox 2316 3225 2326 3353">
    <p class='ocr_par' dir='ltr' id='par_1_12' title="bbox 2316 3225 2326 3353">
     <span class='ocr_line' id='line_1_41' title="bbox 2316 3225 2326 3353; textangle 90"><span class='ocrx_word' id='word_1_350' title='bbox 2320 3344 2326 3353; x_wconf 32' lang='grc' dir='ltr'>Α.</span> <span class='ocrx_word' id='word_1_351' title='bbox 2320 3307 2326 3333; x_wconf 39' lang='lat' dir='ltr'>s,-</span> <span class='ocrx_word' id='word_1_352' title='bbox 2316 3225 2326 3296; x_wconf 60' lang='lat' dir='ltr'>fram».-</span> 
     </span>
    </p>
   </div>
  </div>
 </body>
</html>
