2392 3750
1146 327 1194 372 15

331 470 379 509 C.
410 470 476 509 De
505 469 688 513 formis,
719 468 766 507 in
798 468 966 516 quibus
996 466 1250 506 adhibetur
1277 465 1550 510 Vocativus,
1581 465 1754 504 additis
1784 469 1870 505 aut
1901 477 1995 505 non

810 539 985 579 additis
1014 538 1259 587 particulis
1289 532 1317 577 ὦ
1346 538 1422 576 vel
1453 536 1511 579 ἰώ.

361 774 538 815 Praeter
584 773 661 814 has
705 771 874 814 iurandi
906 770 1131 821 formulas,
1164 775 1252 824 per
1274 771 1510 823 particulas
1543 771 1827 824 compositas,
1861 770 2025 812 multae

303 846 421 898 apud
464 845 655 899 tragicos
687 850 846 897 poetas
878 843 1095 898 leguntur,
1129 843 1171 883 in
1204 844 1363 896 quibus
1396 843 1454 884 dii
1497 843 1756 884 invocantur
1787 856 1867 895 per
1898 855 2025 883 voca-

302 920 439 959 tivum
489 916 692 968 nominis,
741 915 918 968 saepius
964 914 1115 956 addita
1161 915 1374 967 particula
1409 908 1436 953 ὦ
1469 914 1536 955 vel
1570 911 1626 954 ἰώ.
1659 913 2025 955 Meinhardt

302 989 344 1030 in
393 1002 526 1041 opere
574 1001 668 1036 suo,
717 993 819 1028 ante
866 988 952 1027 iam
999 986 1191 1036 laudato,
1240 985 1360 1027 hisce
1402 985 1600 1027 formulis
1633 998 1811 1039 quoque
1843 999 2024 1038 operam

302 1061 476 1101 navavit
519 1059 885 1114 investigavitque
933 1071 1088 1099 omnes
1139 1058 1261 1098 locos
1309 1058 1596 1110 comicorum,
1629 1056 1835 1108 Platonis,
1875 1057 2024 1098 Xeno-

302 1132 495 1185 phontis,
529 1131 724 1180 Luciani,
758 1130 917 1184 quibus
950 1130 1009 1170 ita
1041 1130 1217 1170 iuratur.

361 1203 494 1256 Apud
527 1202 718 1257 tragicos
751 1201 947 1243 Graecos
979 1201 1088 1242 haec
1122 1200 1308 1242 formula
1340 1214 1429 1242 non
1460 1213 1593 1254 saepe
1627 1200 1845 1241 invenitur
1871 1201 1913 1240 in
1932 1200 2024 1241 iure

302 1274 507 1325 iurando3
556 1274 599 1314 in
647 1274 975 1326 precationibus
1021 1273 1160 1314 multo
1207 1273 1396 1324 saepius.
1444 1272 1726 1313 Precationes
1774 1285 1879 1314 vero
1923 1284 2023 1313 cum

302 1346 559 1387 iuramentis
608 1352 700 1386 tam
731 1351 826 1386 arte
859 1344 1112 1394 cohaerent,
1146 1350 1194 1384 ut
1226 1343 1445 1385 nonnullis
1477 1343 1584 1384 locis
1617 1342 1794 1385 difficile
1826 1344 1882 1384 sit
1915 1343 2022 1384 diiu-

302 1415 463 1468 dicare,
487 1422 632 1457 utrum
651 1417 718 1458 ius
736 1417 966 1458 iurandum
984 1429 1038 1457 an
1056 1429 1212 1468 preces
1230 1416 1490 1456 statuendae
1508 1416 1610 1456 sint.
1643 1414 1770 1456 Tunc
1787 1416 2024 1468 praecipue

301 1487 546 1538 adhibetur,
581 1501 680 1529 cum
714 1488 914 1529 homines
946 1487 1094 1540 potius
1127 1493 1361 1540 precantur
1378 1500 1511 1540 quam
1530 1487 1686 1537 iurant,
1720 1499 1820 1528 cum
1838 1487 2022 1527 deorum

301 1559 344 1599 in
381 1572 429 1599 se
462 1567 721 1600 convertere
745 1558 934 1612 >cupiunt
961 1560 1145 1612 animos,
1174 1571 1340 1608 eorum,
1374 1558 1585 1599 auxilium
1618 1559 1894 1610 temporibus
1926 1571 2022 1613 gra-

301 1630 491 1671 vissimis
524 1630 639 1672 vitae
671 1632 892 1672 invocant.

360 1701 503 1754 Saepe
551 1703 698 1753 etiam,
747 1710 795 1744 ut
837 1703 954 1755 apud
989 1703 1185 1743 comicos
1204 1701 1238 1756 1)
1270 1702 1502 1743 admiratio
1535 1714 1613 1754 per
1644 1701 1757 1742 hanc
1791 1702 2022 1743 iuramenti

301 1773 532 1815 formulam
578 1780 752 1816 tantum
798 1782 989 1825 notatur,
1038 1774 1258 1827 pauloque
1306 1774 1485 1814 maioris
1529 1773 1744 1814 eiusmodi
1779 1773 2023 1815 iuramenta

301 1844 503 1887 habenda
549 1852 664 1899 sunt,
712 1859 844 1900 quam
894 1859 1039 1887 merae
1081 1845 1422 1896 interiectiones‚
1464 1845 1520 1886 de
1567 1858 1653 1898 qua
1686 1857 1732 1885 re
1766 1852 1868 1898 post
1900 1845 2023 1898 plura

300 1918 512 1959 dicentur.

360 1989 603 2031 Vocativus
634 1989 853 2031 nonnullis
886 1989 992 2031 locis
1024 1991 1205 2031 iteratur
1237 2003 1275 2030 e.
1295 2001 1322 2043 g
1369 1987 1452 2043 Ag.
1486 1989 1596 2040 964:
1632 1990 1721 2040 Ζεῦ,
1750 1990 1839 2042 Ζεῦ,
1867 1987 2019 2041 τέλειε;

300 2060 498 2114 Choeph.
548 2063 647 2112 381,
697 2062 797 2114 854,
846 2074 936 2115 quo
983 2061 1122 2116 magis
1155 2073 1310 2114 preces
1343 2060 1639 2111 affirmentur;
1673 2060 1885 2113 particula
1917 2067 2021 2102 tunc

299 2132 430 2187 vulgo
461 2133 692 2174 omittitur.

360 2204 404 2245 In
462 2204 590 2260 longe
649 2204 846 2257 plurimis
907 2205 1123 2245 eiusmodi
1179 2204 1554 2246 obtestationibus
1612 2203 1702 2244 Iovi
1750 2204 2023 2257 supplicatur

299 2277 471 2329 optimo
504 2276 700 2317 maximo
732 2275 799 2317 vel
833 2276 1073 2331 generatim
1108 2289 1263 2317 omnes
1296 2277 1366 2317 dei
1400 2276 1670 2317 invocantur.
1706 2275 1791 2317 Alii
1824 2276 1895 2317 dei
1923 2290 2020 2317 raro

298 2348 476 2389 nomine
509 2348 655 2389 vocati
685 2349 977 2389 inveniuntur.
1012 2347 1202 2401 Quando
1235 2348 1317 2388 hae
1350 2349 1627 2400 precationes
1660 2348 1902 2388 iuramenta
1935 2349 2023 2389 sint

300 2419 542 2472 habendae,
574 2427 677 2473 post
708 2420 955 2462 accuratius
988 2420 1326 2473 perpendemus.

511 2647 559 2686 D.
605 2647 671 2686 De
698 2646 877 2691 formis,
909 2656 990 2694 per
1021 2646 1358 2695 imperativum
1389 2645 1487 2686 ἴστω
1518 2647 1816 2695 compositas.

360 2885 456 2928 Alia
503 2885 670 2927 iurandi
720 2885 905 2926 formula
953 2899 1005 2927 ea
1053 2891 1134 2936 est,
1182 2885 1225 2926 in
1259 2899 1346 2939 qua
1380 2886 1490 2927 deus
1522 2885 1650 2926 testis
1682 2885 1910 2926 invocatur
1940 2898 2019 2938 per

301 2958 610 3011 Imperativum
647 2953 756 3008 ἵστω,
790 2970 921 3011 quam
954 2956 995 2998 A
1012 2971 1035 2997 e
1054 2970 1074 2997 s
1092 2971 1115 2998 c
1133 2957 1160 2998 h
1179 2971 1206 3010 y
1225 2957 1234 2998 l
1254 2971 1281 2998 u
1300 2971 1320 2998 s
1355 2970 1442 2998 non
1475 2956 1622 3006 habet,
1656 2954 1687 2997 S
1704 2969 1732 2997 o
1750 2969 1778 3009 p
1796 2956 1823 2996 h
1841 2969 1868 2996 o
1886 2969 1909 2997 c
1926 2955 1936 2996 l
1955 2970 1978 2997 e
1997 2970 2018 2997 s

301 3037 345 3071 et
392 3028 744 3082 Euripides
791 3041 890 3069 raro
937 3028 1162 3070 adhibent.
1212 3028 1470 3083 Plerumque
1518 3028 1733 3069 eiusmodi
1774 3027 2019 3069 iuramenta

298 3108 398 3143 sunt
445 3100 737 3150 sollemniora,
780 3100 892 3141 inest
935 3113 1094 3155 magna
1126 3101 1316 3155 gravitas
1348 3114 1388 3141 e.
1411 3113 1450 3154 g.
1486 3098 1635 3153 Antig.
1676 3101 1757 3150 184
1789 3098 1904 3141 Creo
1937 3112 2016 3140 rex

356 3258 389 3298 ι)
416 3254 465 3292 cf.
489 3254 804 3291 Meinhardt
836 3255 909 3292 o.l.
937 3253 1340 3301 p.6;Kt'1hnlein
1367 3263 1402 3288 o.
1430 3253 1451 3290 l.
1479 3263 1516 3299 p.
1543 3262 1598 3298 59.
