2392 3750
1154 350 1203 394 17

381 472 480 514 Hoc
526 485 664 528 genus
710 472 892 525 iurandi,
939 472 1058 526 quod
1108 471 1155 513 fit
1196 485 1272 525 per
1306 472 1666 525 imprecationem
1708 475 1963 528 praesertim
1995 476 2038 517 in

322 545 559 600 tragoediis
591 544 839 598 Euripideis
874 544 1104 584 invenitur.
1138 543 1244 584 Post
1276 545 1522 586 accuratius
1555 545 1635 586 erit
1658 547 2035 599 perpendendum,

321 622 467 657 utrum
516 630 561 657 re
608 629 710 657 vera
756 615 972 657 eiusmodi
1018 615 1349 656 exsecrationes
1384 616 1613 657 habendae
1647 623 1748 658 sunt
1781 619 2039 671 iuramenta,

321 701 376 729 an
422 701 511 741 quo
554 687 688 728 modo
731 700 831 728 curn
864 687 960 740 ipso
994 686 1086 727 iure
1119 686 1302 728 iurando
1336 687 1615 728 cohaereant.
1648 688 1775 729 Nunc
1811 689 1866 730 de
1899 690 2039 731 forma

321 759 414 800 sola
451 760 605 813 agitur.

377 830 638 884 Plerumque
686 830 934 871 exsecratio
979 829 1028 870 fit
1077 841 1156 881 per
1200 828 1399 882 Optativi
1446 832 1582 884 verbi,
1614 832 1735 885 quod
1769 833 1825 874 ist
1858 829 2037 881 ὄλλυμαι.

319 901 388 943 vel
427 902 613 955 primam
645 901 712 942 vel
746 901 920 942 tertiam
955 913 1189 954 personam
1222 898 1400 951 ὀλοίμην,
1433 900 1547 946 ἕλοιο.
1579 900 1910 957 Nonnunquam
1942 902 2039 955 ἔρροι

320 973 491 1028 legitur.

378 1045 471 1087 Nec
503 1052 652 1087 tamen
683 1045 791 1087 aliae
825 1046 993 1087 formae
1029 1046 1190 1087 desunt
1223 1060 1320 1102 e.g.
1354 1047 1487 1100 Hipp.
1527 1058 1631 1099 1191
1671 1048 1745 1089 ubi
1778 1049 1957 1089 nuntius
1990 1061 2038 1089 se

319 1117 462 1170 ipsum
494 1124 750 1159 exsecratur
782 1117 902 1159 hisce
935 1119 1102 1160 verbis:
1137 1119 1226 1170 Ζεῦ,
1260 1117 1404 1167 μηκέτ’
1432 1116 1510 1166 εἴην
1537 1117 1570 1158 εἷ
1594 1117 1716 1166 κακὸς
1745 1117 1899 1171 πέφυκ’
1927 1118 2036 1171 ἀνήρ,

320 1186 373 1229 Ο.
408 1188 458 1229 R.
507 1199 596 1240 944
644 1190 718 1231 ubi
766 1191 946 1231 nuntius
994 1203 1097 1231 vera
1129 1203 1176 1231 se
1208 1191 1355 1231 dicere
1387 1190 1470 1231 hoc
1505 1191 1639 1232 modo
1671 1191 1882 1232 affirmat:
1915 1189 1947 1231 εἰ
1981 1190 2039 1241 μ’),

319 1256 429 1306 λέγω
461 1256 632 1310 ἀληθές,
666 1258 764 1309 ἀξιῶ
795 1258 951 1303 θανεῖν.

378 1330 446 1372 De
510 1332 706 1374 formulis
753 1346 830 1386 per
880 1333 1093 1374 vocabula
1141 1330 1249 1384 ὅρκος
1297 1341 1340 1375 et
1389 1332 1536 1383 ὄμνυμι
1588 1334 1857 1387 compositas
1906 1348 2038 1388 supra

318 1403 404 1443 iam
436 1410 504 1445 est
538 1405 717 1446 dictum.

378 1473 593 1518 Videmus
626 1477 758 1531 igitur
791 1478 909 1530 apud
941 1478 1132 1533 tragicos
1164 1484 1319 1530 poetas
1351 1477 1510 1519 multas
1542 1478 1644 1518 iuris
1676 1478 1845 1520 iurandi
1872 1479 2037 1520 formu-

318 1545 382 1586 las
430 1548 641 1589 adhiberi.
687 1547 744 1590 Si.
776 1550 1006 1602 exceperis
1053 1563 1140 1598 eas,
1189 1550 1348 1603 quibus
1395 1550 1505 1591 deus
1551 1562 1628 1602 per
1669 1550 1918 1591 vocativum
1960 1563 2030 1592 no·

319 1617 448 1659 minis
480 1619 720 1671 invocatur,
755 1634 868 1675 quae
901 1621 1160 1675 plerumque
1194 1621 1472 1674 precationes
1504 1623 1652 1675 potius
1681 1627 1783 1663 sunt
1808 1622 2037 1664 habendae

318 1702 454 1743 quam
485 1704 588 1733 vera
619 1692 876 1744 iuramenta,
910 1693 1129 1734 maximus
1156 1706 1305 1734 earum
1332 1694 1412 1734 fuit
1439 1707 1557 1744 usus,
1586 1694 1744 1747 quibus
1773 1695 1882 1735 deus
1909 1694 2036 1735 testis

318 1762 604 1806 invocabatur
636 1777 715 1817 per
746 1765 1119 1817 praepositionem
1152 1760 1247 1815 πρός
1279 1764 1484 1806 Genitivo
1514 1765 1723 1806 additam.
1766 1765 1867 1806 Non
1893 1765 2035 1807 solum

318 1835 389 1877 dei
436 1842 568 1890 atque
617 1836 832 1887 homines,
881 1850 1013 1890 saepe
1055 1837 1188 1878 etiarn
1220 1850 1290 1878 res
1322 1837 1406 1879 hoc
1440 1838 1576 1879 modo
1607 1844 1745 1879 testes
1777 1840 2035 1880 invocantur

318 1920 463 1962 neque
509 1909 552 1949 id
599 1908 751 1961 paucis
798 1907 918 1950 locis.
967 1908 1100 1962 Apud
1141 1915 1340 1950 oratores
1366 1908 1396 1962 ¹)
1429 1922 1607 1963 quoque
1639 1910 1896 1963 saepissime
1928 1910 2036 1951 haec

317 1980 486 2022 iurandi
543 1979 728 2022 formula
787 1981 1078 2034 usurpabatur
1126 1994 1269 2035 eoque
1317 1981 1454 2037 magis
1502 1987 1652 2022 movet
1698 1981 2033 2023 admirationem

317 2050 601 2106 Aeschylum,
636 2054 680 2095 id
712 2053 832 2106 quod
864 2067 996 2108 supra
1027 2053 1238 2106 diximus,
1271 2056 1353 2096 hac
1385 2053 1713 2106 praepositione
1745 2054 1787 2095 in
1819 2055 2034 2095 iuramen-

316 2124 373 2166 tis
401 2126 582 2168 omnino
609 2139 696 2167 non
724 2126 799 2167 uti.
828 2125 963 2168 Cuius
993 2131 1054 2169 rei
1083 2141 1213 2169 causa
1240 2128 1428 2168 fortasse
1456 2134 1524 2168 est
1551 2128 1673 2180 haec,
1702 2126 1822 2180 quod
1839 2125 2036 2179 Aeschy-

317 2196 383 2238 lus
431 2197 711 2241 sollemniora
752 2206 923 2241 tantum
968 2200 1211 2242 iuramenta
1243 2201 1450 2242 adhibere
1484 2200 1609 2250 solet,
1643 2198 1828 2240 formula
1859 2197 2035 2239 laudata

315 2276 463 2310 autem
514 2271 706 2312 maxime
748 2278 815 2313 est
858 2271 1044 2327 vulgaris
1089 2273 1352 2326 saepiusque
1385 2285 1504 2313 mera
1537 2272 1629 2313 fere
1660 2270 1920 2320 interiectio,
1952 2270 2036 2323 sig-

317 2354 421 2382 num
454 2343 754 2384 admirationis
787 2343 854 2384 vel
888 2344 1064 2399 doloris.
1123 2342 1223 2397 Qua
1255 2345 1311 2386 de
1344 2358 1390 2384 re
1422 2350 1579 2396 postea
1609 2342 1855 2384 accuratius
1887 2342 2035 2394 dispu-

315 2414 492 2455 tabitur.

376 2484 681 2539 Discrepantia
725 2488 838 2528 inter
885 2487 1093 2528 formulas
1139 2486 1413 2541 Sophocleas
1461 2493 1505 2528 et
1555 2486 1816 2539 Euripideas
1856 2485 2034 2526 minima

316 2565 398 2599 est.
431 2557 549 2600 Ante
581 2559 666 2600 iam
698 2559 1098 2601 demonstravimus
1124 2559 1498 2612 praepositionem
1531 2555 1604 2608 μοὶ,
1638 2571 1770 2611 quam
1800 2557 2034 2610 Euripides

317 2629 513 2682 pluribus
544 2630 650 2671 locis
681 2630 828 2677 habet.
862 2632 904 2672 in
938 2632 1136 2672 versibus
1169 2630 1428 2685 Sophocleis
1466 2644 1563 2672 raro
1596 2630 1793 2671 inveniri.
1841 2629 2033 2671 Particu-

314 2714 384 2742 am
432 2700 473 2741 οὐ
521 2707 673 2742 contra
720 2701 964 2755 Sophocles
1013 2703 1188 2756 saepius
1231 2710 1426 2756 usurpat.
1478 2703 1600 2744 Haec
1651 2702 1706 2743 de
1742 2701 1896 2743 formis
1928 2701 2032 2743 iuris

316 2774 498 2814 iurandi.

370 3275 401 3316 1)
427 3275 470 3309 cf.
498 3272 574 3309 Ott.
604 3284 632 3308 ο.
662 3275 683 3308 Ι.
711 3285 741 3317 p.
768 3273 814 3307 52
