2392 3750
626 751 701 800 ΙΙΙ.
761 750 927 811 Quae
968 750 1095 798 sint
1133 751 1551 798 caeremoniae
1593 750 1653 799 in
1694 751 1820 800 iure

903 839 1157 887 iurando
1204 838 1532 889 adhibitae.

419 1146 508 1187 Iam
545 1146 670 1187 huius
705 1147 858 1198 capitis
891 1146 1027 1197 initio,
1061 1152 1298 1200 antequam
1331 1148 1447 1200 ipsas
1481 1149 1780 1189 caeremonias
1814 1148 2075 1202 investigare

360 1218 590 1270 incipimus
641 1218 923 1258 statuendum
958 1224 1039 1268 est,
1089 1232 1202 1272 quae
1245 1219 1332 1259 sint
1364 1220 1665 1260 caeremoniae
1700 1219 1872 1260 relatae.
1921 1218 2076 1260 Sintne

359 1290 662 1330 caeremoniae
695 1289 850 1330 aetatis
883 1290 1066 1342 priscae,
1100 1289 1346 1343 Oedipodis
1379 1290 1446 1331 vel
1474 1290 1632 1338 Aiacis,
1663 1298 1913 1343 temporum
1932 1291 2074 1344 igitur,

359 1361 415 1402 de
463 1361 621 1414 quibus
668 1361 710 1401 in
758 1361 1024 1402 carminibus
1066 1361 1114 1402 fit
1156 1374 1302 1402 sermo
1335 1375 1390 1402 an
1422 1363 1591 1411 aetatis,
1639 1376 1725 1415 qua
1758 1363 1963 1403 vixerunt
1994 1362 2075 1415 ipsi

359 1432 551 1485 poetae?
599 1432 698 1473 Non
747 1433 928 1474 dubium
977 1434 1162 1480 videtur,
1214 1435 1318 1487 quin
1365 1433 1612 1487 Aeschylus
1659 1435 1881 1488 ceterique
1924 1434 2077 1489 tragici

359 1510 518 1557 poetae
564 1505 672 1545 ritus
720 1518 824 1545 suae
871 1505 1183 1557 descripserint
1226 1505 1420 1557 ipsorum
1465 1506 1635 1555 aetatis,
1683 1519 1738 1546 ne
1780 1506 1923 1547 dicam
1971 1519 2075 1547 suae

359 1575 559 1616 civitatis.
609 1575 676 1616 De
718 1577 908 1630 antiquis
951 1577 1226 1629 temporibus
1269 1591 1345 1617 eos
1389 1584 1617 1630 praeterea
1649 1590 1869 1630 perpauca
1900 1577 2075 1618 novisse

359 1646 718 1688 verisimillimum
775 1654 856 1698 est,
916 1648 1021 1701 quin
1080 1647 1288 1689 nonnulla
1345 1650 1536 1690 carmina
1584 1662 1730 1690 mores
1778 1649 1961 1690 deorum
2008 1648 2076 1690 vel

358 1718 541 1760 heroum
575 1719 771 1760 referunt
804 1719 923 1760 velut
954 1719 1243 1761 Prometheus
1276 1720 1345 1761 ille
1377 1719 1652 1773 Aeschyleus
1690 1717 1731 1772 ¹).

418 1790 648 1831 Praeterea
675 1791 760 1831 iam
792 1804 908 1832 nunc
942 1792 1144 1832 conicere
1178 1792 1279 1832 licet
1311 1793 1564 1844 scriptores,
1597 1792 1639 1832 in
1673 1805 1784 1845 quos
1803 1791 2074 1845 inquirimus,

358 1861 526 1902 fontem
574 1862 851 1914 aptissimum
897 1875 986 1902 non
1035 1876 1145 1913 esse,
1193 1876 1250 1903 ex
1293 1877 1381 1916 quo
1417 1870 1740 1917 cognoscantur
1773 1863 2074 1903 caeremoniae

357 1934 413 1974 ad
460 1934 525 1974 ius
573 1934 803 1974 iurandum
856 1934 1054 1975 usitatae.
1090 1933 1247 1989 Agitur
1281 1936 1396 1975 enim
1429 1935 1473 1975 in
1506 1935 1746 1990 tragoedia.
1780 1932 1972 1984 Δρώντων
2005 1932 2073 1974 καὶ

358 2004 400 2045 οὐ
450 2003 484 2044 δὶ
530 2003 805 2054 ἀπαγγελίας
824 2005 856 2061 2)
904 2006 997 2046 fieri
1043 2012 1190 2047 actum
1239 2007 1344 2048 dicit
1391 2006 1667 2048 Aristoteles.
1715 2006 1985 2048 Inducuntur
2031 2006 2074 2047 in

356 2090 561 2118 scaenam
593 2078 828 2119 histriones
860 2084 1056 2132 agentes,
1090 2079 1265 2119 auditur
1292 2085 1476 2129 tantum,
1496 2079 1616 2132 quod
1644 2078 1896 2132 loquuntur,
1929 2077 2077 2118 omnia

357 2148 438 2189 alia
470 2155 744 2202 spectatores
777 2150 939 2191 vident.

418 2219 494 2272 Ita,
543 2221 578 2261 si
625 2221 668 2261 in
716 2234 876 2262 scaena
917 2221 1106 2262 iuratum
1154 2227 1234 2272 est,
1278 2234 1359 2262 nos
1401 2222 1535 2262 verba
1566 2227 1737 2262 tantum
1769 2222 1872 2262 iuris
1905 2220 2074 2262 iurandi

357 2291 598 2344 habemus;
631 2293 736 2346 quid
769 2299 997 2345 praeterea
1029 2293 1212 2333 fecerint
1244 2294 1449 2343 iurantes,
1483 2307 1592 2346 quas
1624 2294 1923 2334 caeremonias
1951 2292 2073 2333 addi-

357 2363 499 2404 derint
546 2377 635 2404 non
682 2364 898 2416 audimus,
942 2378 1030 2405 non
1063 2371 1130 2405 est
1163 2365 1446 2417 descriptum.
1495 2364 1655 2406 Verbis
1689 2364 1796 2405 haec
1828 2363 2073 2418 significare

357 2447 469 2487 opus
517 2435 696 2476 omnino
741 2435 814 2476 vix
855 2436 950 2476 fuit.
994 2434 1110 2488 Quin
1145 2436 1276 2476 etiam
1309 2436 1479 2486 indicia,
1513 2449 1626 2489 quae
1658 2436 1714 2476 ad
1747 2437 1890 2488 ipsum
1925 2442 2070 2476 actum

358 2506 591 2558 pertinent,
649 2505 974 2558 παρεπιγροιφοεί
1035 2520 1147 2560 quae
1193 2507 1409 2556 dicuntur,
1459 2520 1567 2560 quas
1616 2508 1778 2561 ubique
1827 2508 1869 2547 in
1916 2506 2072 2548 fabulis

356 2583 532 2618 nostrae
578 2579 734 2619 aetatis
767 2578 963 2634 legimus,
997 2579 1039 2619 in
1072 2579 1298 2620 codicibus
1331 2579 1492 2620 nostris
1525 2579 1616 2619 fere
1649 2592 1804 2619 omnes
1834 2579 1995 2619 desunt
2021 2575 2072 2631 3).

357 2648 482 2690 Duae
513 2655 684 2691 tantum
718 2656 885 2691 restant
903 2648 950 2697 4).

410 2871 442 2917 ι)
480 2872 529 2907 cf.
558 2873 606 2908 de
634 2874 716 2908 eius
743 2874 849 2909 modi
875 2874 1105 2919 quaestione
1132 2873 1236 2919 apud
1262 2873 1473 2920 Vergilium
1502 2873 1662 2919 Gruppe
1689 2885 1723 2909 o.
1751 2873 1772 2908 l.
1799 2885 1835 2919 p.
1863 2883 1894 2918 5.

407 2934 442 2974 2)
468 2932 517 2967 cf.
544 2932 705 2968 Aristot.
732 2933 836 2968 Poet.
865 2944 900 2979 p.
933 2944 1031 2976 1449-
1061 2934 1096 2969 b.
1122 2944 1166 2974 24
1270 2936 1272 2941 '

405 2990 440 3034 3)
480 2991 529 3026 cf.
569 2991 823 3035 Oehmichen,
866 2993 946 3028 Das
987 2993 1281 3028 Bsihnenwesen
1308 2993 1377 3027 der
1416 2992 1481 3028 Gr.
1510 2993 1588 3027 und
1622 2993 1776 3028 Romer.
1803 2993 1973 3034 (Handb.
1999 2992 2069 3028 der

357 3050 406 3086 kl.
433 3049 508 3084 ΑΗ..
535 3050 774 3086 Wissensch.
800 3052 903 3086 Iwan
930 3052 1064 3087 Mfiller
1089 3052 1134 3093 V,
1162 3063 1180 3095 3
1210 3052 1238 3086 Β
1265 3062 1328 3097 pp.
1361 3053 1436 3096 185,
1470 3062 1544 3095 ¹90·

405 3111 440 3151 4)
479 3108 524 3143 cf.
564 3121 597 3144 v.
635 3109 1165 3155 Wilamowitz-Mollendorffi
1205 3111 1426 3157 Einleitung
1451 3111 1490 3145 in
1517 3111 1578 3145 die
1605 3111 1671 3147 Gr.
1698 3111 1900 3158 Tragodie.
1939 3112 2070 3147 Weid-

359 3178 483 3202 mann.
518 3178 606 3212 1907
634 3179 670 3214 p.
701 3180 766 3209 124
792 3181 878 3216 sqq.
905 3170 983 3215 Ipsi
1011 3170 1265 3206 Grammatici
1293 3170 1435 3206 Graeci
1461 3181 1549 3205 raro
1576 3171 1672 3206 haec
1699 3171 1842 3206 indicia
1867 3172 1906 3206 in
1932 3172 2069 3206 carmi-

357 3226 469 3262 nibus
495 3228 653 3274 tragicis
680 3228 819 3275 legisse
847 3229 1026 3265 videntur
1055 3230 1103 3265 cf.
1130 3229 1248 3274 Blass,
1275 3230 1416 3265 Aesch.
1443 3230 1552 3265 Eum.
1580 3241 1617 3276 p.
1644 3233 1700 3273 84.
