2392 3750
1147 357 1197 401 71

377 483 492 526 Nihil
539 483 622 525 sibi
669 487 856 531 constat,
905 480 1054 522 omnia
1095 485 1336 532 expectare
1381 477 1484 520 licet
1526 476 1751 518 hominem
1789 475 2031 517 mortalem.

318 555 465 609 Ipsum
511 555 628 595 enim
675 554 741 594 ius
774 552 1017 601 iurandum,
1062 551 1182 604 quod
1213 563 1306 591 rem
1337 549 1631 590 firmissimam
1664 548 1848 589 reddere
1879 547 2032 598 soleat,

318 627 355 668 si
385 626 443 667 nil
474 626 664 674 adiuvat,
697 626 734 666 si
764 624 896 666 etiam
929 636 993 674 ea,
1027 636 1140 676 quae
1172 622 1418 663 iuramento
1450 621 1537 662 sint
1569 619 1797 666 affirmata,
1816 619 2034 670 labuntur,

318 697 421 739 nulli
454 698 515 739 rei
545 696 730 750 amplius
764 696 899 737 fidere
931 694 1046 744 licet,
1080 693 1183 735 nihil
1216 690 1392 734 ἄελπτον
1427 698 1509 743 est,
1542 692 1587 733 id
1617 691 1738 746 quod
1769 691 1862 732 aliis
1890 690 2034 731 verbis

318 769 435 810 idem
467 782 493 809 a
523 768 659 809 choro
691 767 902 809 discimus
934 766 978 807 in
1012 765 1097 806 fine
1129 765 1406 820 tragoediae:

793 832 817 885 ἦ
851 833 992 877 πολλοὶ
1024 833 1182 886 βροτοῖς
1215 833 1320 876 ἔστιν
1355 833 1497 876 ἶδοῦσιν

796 910 958 958 γνῶναι.
991 906 1081 958 πρὶν
1114 905 1205 948 ἰδεῖν
1240 904 1405 953 δὀὐδεὶς
1436 903 1589 956 μάντις

794 980 870 1020 τῶν
902 976 1148 1030 μελλόντων,
1182 975 1242 1019 ὅτι
1277 974 1434 1029 πράξει.

319 1060 557 1108 postquam
590 1054 674 1094 iam
707 1065 770 1096 vs.
806 1061 892 1105 714

675 1120 805 1165 πάνθ’
839 1123 993 1177 inquit,
1027 1121 1043 1163 ὂ
1076 1120 1211 1172 μέγας
1245 1119 1386 1173 χρόνος
1418 1118 1604 1172 μαραίνει

675 1194 811 1237 κούδὲν
842 1192 1071 1236 ἀναύδατον
1102 1192 1334 1247 <Dario-md
1368 1190 1431 1240 ἄν,
1463 1191 1555 1233 εὔτε
1587 1190 1681 1243 γ’ἐξ
1713 1189 1903 1234 ἀέλπτων

677 1269 784 1314 Αἴας
820 1263 1144 1316 μετανεγνώσθη
1179 1279 1274 1320 sqq.

381 1340 452 1382 Ex
484 1353 539 1382 eo
571 1340 682 1394 ipso,
716 1339 836 1394 quod
868 1339 924 1380 ab
956 1337 1093 1379 Aiace
1126 1338 1391 1388 nominatur,
1425 1350 1583 1393 magna
1614 1336 1718 1378 iuris
1750 1336 1920 1378 iurandi
1936 1349 2038 1378 auc-

321 1413 475 1454 toritas
506 1412 613 1453 satis
644 1416 828 1465 apparet
850 1408 892 1462 ¹).

381 1480 506 1525 Aiac.
548 1493 655 1534 1113
690 1495 786 1536 sqq.
818 1480 919 1521 ἀλλ’
954 1476 1090 1531 οὕνεχ’
1123 1477 1239 1530 ὅρκων
1273 1475 1370 1520 οἷσιν
1403 1474 1446 1527 ἦν
1478 1477 1671 1529 ἐνώμοτος

739 1567 742 1569 ’
811 1554 880 1593 σοῦ
912 1550 1058 1593 δὀὐδέν
1091 1548 1167 1602 (sc.
1202 1549 1500 1602 ε’στραιτέυσατο
1529 1549 1606 1606 (cf.
1640 1563 1702 1592 vs.
1744 1549 1871 1606 1111)
1889 1547 1939 1604 ²).

381 1624 539 1668 Sermo
582 1631 651 1666 est
683 1625 726 1666 h.
758 1623 785 1666 l.
819 1625 875 1665 de
909 1625 1001 1666 iure
1033 1623 1227 1677 iurando,
1260 1623 1381 1677 quod
1412 1621 1607 1664 Helenae
1638 1635 1800 1676 procos
1830 1622 2040 1664 iuravisse

375 1845 409 1894 ι)
449 1846 616 1882 Bothe
656 1845 801 1880 conicit
834 1841 931 1885 ’ὄγκος
965 1843 1031 1885 (ef.
1059 1842 1267 1878 Vahlen
1307 1843 1357 1878 ad
1382 1842 1439 1877 El.
1465 1844 1527 1886 47)
1551 1841 1601 1878 cs.
1629 1841 2042 1878 Schneidewin-

323 1907 507 1943 Nauck
532 1917 567 1942 o.
594 1905 640 1941 l.:
678 1905 695 1937 ὁ
721 1903 818 1941 δεινὸς
843 1903 927 1945 ὅρκος
954 1903 1050 1938 wird
1076 1902 1218 1938 darauf
1239 1903 1425 1949 bezogen,
1453 1902 1545 1938 dass
1571 1902 1665 1938 Aias
1691 1913 1772 1947 412,
1798 1911 1871 1946 470
1897 1902 2042 1938 erklart

324 1967 444 2008 hatte,
471 1976 513 2001 er
532 1966 679 2001 konnte
706 1964 777 1999 das
793 1963 927 1999 Leben
942 1963 1051 1998 nicht
1065 1962 1196 2008 langer
1212 1968 1393 2009 ertragen
1411 1971 1418 1998 :
1447 1963 1541 1998 aber
1555 1973 1631 1998 von
1646 1962 1772 1997 einem
1785 1961 2042 1998 Eidschwure

324 2026 421 2062 wird
459 2025 549 2061 dort
586 2024 714 2060 nichts
748 2028 885 2070 gesagt
911 2022 990 2058 und
1015 2021 1126 2059 schon
1148 2021 1194 2066 (Ρ)
1221 2022 1357 2058 darum
1384 2022 1486 2057 kann
1514 2021 1596 2063 ὅρκος
1621 2021 1729 2057 nicht
1755 2022 1895 2068 richtig
1923 2022 2042 2058 sein.”

324 2086 533 2132 Recipiunt
571 2095 656 2119 eam
695 2084 747 2119 ob
783 2093 939 2119 causam
974 2082 1253 2124 coniecturam,
1289 2092 1406 2128 quam
1444 2082 1567 2117 Bothe
1600 2082 1806 2128 proposuit
1830 2081 2042 2115 ἀλλάσσεται

322 2144 428 2188 brnen.

373 2204 534 2241 Multum
569 2204 643 2239 hoc
682 2208 952 2250 argumentum
978 2201 1109 2237 valere
1137 2211 1214 2237 non
1242 2201 1415 2238 videtur:
1441 2202 1569 2248 Antig.
1597 2201 1698 2236 enim
1729 2202 1798 2244 388
1823 2201 1926 2236 idem
1953 2202 2043 2249 vigil

324 2263 426 2310 οὔδὶν,
453 2265 589 2311 inquit,
624 2261 693 2296 ἐστ’
718 2262 907 2307 &wamba-ov,
934 2271 1169 2308 quamquam
1197 2271 1323 2307 neque
1352 2271 1420 2304 329
1445 2271 1573 2307 neque
1599 2260 1688 2296 alibi
1715 2261 1866 2296 iuravit.
1892 2261 2043 2298 Eodem

326 2325 443 2362 modo
481 2324 748 2370 Agamemnon
790 2322 900 2358 Aiac.
942 2332 1030 2365 ¹233
1069 2319 1229 2362 διωμόσω,
1269 2321 1403 2366 inquit,
1432 2330 1667 2366 quamquam
1694 2320 1743 2355 de
1770 2321 1852 2356 iure
1879 2321 2044 2358 iurando

325 2384 467 2421 Teucri
505 2394 635 2419 sermo
674 2393 749 2418 non
789 2382 925 2417 fuerat.
966 2378 1097 2417 Schol.
1131 2380 1284 2415 videtur
1308 2380 1447 2426 legisse
1473 2379 1568 2421 ὅρκος,
1595 2380 1741 2426 quippe
1768 2380 1834 2426 qui
1860 2386 2042 2417 annotet:

325 2444 379 2487 χῶ
412 2442 510 2481 δεινὸς
542 2442 626 2484 ὅρκος
654 2453 661 2475 :
697 2441 749 2475 ὅτι
775 2441 833 2473 καῖ
857 2438 1039 2482 budam-ric
1067 2451 1149 2476 τινες
1176 2439 1205 2471 ἑν
1230 2440 1406 2480 μεταβάλῃ
1433 2439 1584 2480 γίνονται
1608 2442 1655 2481 τῷ
1681 2440 1784 2481 χρόνῳ
1812 2438 1860 2475 cs.
1887 2439 2044 2476 Scholia

326 2504 472 2540 Vetera
499 2503 638 2549 Papag.
668 2513 705 2548 p.
734 2504 789 2547 5⁶·

374 2562 550 2595 ἁλίσκεται
588 2562 634 2598 εί,
660 2562 715 2608 Je
731 2562 791 2597 bb
818 2571 852 2596 o.
879 2560 901 2595 1.
930 2560 979 2595 ad
1006 2559 1158 2595 locum:
1185 2558 1306 2596 absol.
1334 2559 1366 2594 is
1391 2559 1595 2604 captured,
1622 2559 1654 2594 is
1682 2559 1832 2604 proved
1860 2560 1970 2596 weak
1996 2560 2044 2597 cf.

331 2624 430 2665 1267.
460 2620 543 2656 Alia
569 2620 748 2667 quaestio
777 2625 837 2656 est
862 2629 1004 2655 numne
1031 2618 1282 2654 scribendum
1309 2618 1376 2653 sit:
1405 2617 1535 2659 “Ὀρκος,
1559 2628 1606 2653 an
1634 2629 1710 2653 non
1736 2618 1829 2654 Aias
1855 2619 1893 2654 in
1916 2620 2045 2656 animo

328 2681 492 2717 haberet
529 2681 646 2716 deum
685 2688 1004 2715 commemorare.
1047 2679 1148 2714 Sane
1187 2677 1405 2723 Sophocles
1432 2677 1624 2713 eiusmodi
1652 2678 1834 2714 notiones
1860 2684 2045 2726 tanquam

328 2750 518 2787 personas
556 2739 742 2775 iuducere
781 2739 914 2785 coepit
952 2737 1001 2774 cf.
1040 2738 1111 2774 Ro
1129 2749 1147 2772 s
1164 2738 1223 2772 ch
1240 2747 1260 2772 e
1277 2748 1294 2771 r
1336 2737 1357 2772 i.
1386 2748 1419 2772 v.
1447 2736 1648 2780 Chronos;
1686 2737 1802 2775 P.-w.
1830 2738 1902 2775 col.
1930 2742 2046 2785 24813

330 2798 550 2845 Gruppe
576 2809 610 2835 ο.
638 2799 658 2835 l.
686 2810 724 2845 p.
755 2801 866 2843 ¹0⁶⁴3
893 2809 926 2833 v.
954 2796 1232 2833 Wil-Moll.
1259 2796 1349 2833 Eur.
1377 2795 1643 2840 Herakl²174
1669 2807 1770 2843 sqq„
1798 2798 1869 2833 sed
1894 2798 1944 2834 de
1969 2798 2046 2835 deo

329 2858 350 2894 1.
378 2858 400 2894 l.
426 2869 556 2894 sermo
583 2869 671 2895 esse
697 2858 764 2894 vix
791 2862 932 2904 potest.
959 2857 1076 2898 Ὅρκος
1102 2857 1204 2892 enim
1231 2856 1478 2902 coniungitur
1503 2866 1591 2891 cum
1617 2854 1736 2898 φρένες.

379 2917 414 2964 2)
439 2916 597 2959 ὶνῶμοτος
621 2918 659 2953 in
685 2917 824 2954 codice
851 2917 1127 2958 Laurentiano,
1153 2916 1190 2951 in
1218 2915 1302 2951 aliis
1326 2914 1505 2957 ἐπώμοτος.
1534 2913 1758 2959 irnham-oc,
1784 2916 2046 2954 iureiurando

330 2978 567 3014 constrictus
605 2977 631 3013 S
646 2989 669 3013 u
684 2977 735 3013 id
750 2988 772 3013 a
785 2988 804 3012 s
832 2977 854 3012 i.
870 2986 927 3013 v.:
951 2974 1066 3019 ’ὄνυχος
1078 2977 1148 3012 τοῖς
1163 2975 1271 3017 ὅρκοις.
1298 2976 1313 3007 ἱ
1326 2973 1386 3008 πώ
1399 2987 1425 3016 μ
1440 2986 1456 3007 0
1469 2987 1491 3007 τ
1505 2986 1521 3007 o
1534 2984 1566 3012 ⁶:
1593 2976 1660 3022 qui
1674 2975 1774 3012 dixit
1788 2982 1827 3012 et
1842 2983 2046 3023 praeterea

330 3038 413 3084 (ἐπι)
438 3037 488 3073 ad
512 3037 632 3073 verba
658 3036 923 3073 confirmanda
951 3037 1090 3072 iuravit
1118 3035 1166 3072 cf.
1194 3034 1352 3076 ὶπύμοτος
1377 3034 1494 3075 Λίγυν.
1522 3035 1676 3081 Soph.
1703 3035 1842 3072 Trach.
1870 3046 1938 3081 ⁴27
1954 3038 2046 3073 item

329 3098 487 3139 ἄπόμνυμι
526 3097 548 3134 i.
574 3106 608 3133 e.
649 3097 708 3132 ius
748 3096 951 3132 iurandum
980 3095 1127 3131 addere
1155 3094 1201 3131 cs.
1231 3094 1302 3130 He
1319 3094 1424 3130 rod.
1451 3093 1546 3135 VIII,
1574 3103 1618 3139 5;
1657 3094 1894 3141 Xenoph.
1923 3096 2045 3132 Anab.

331 3157 409 3199 VII,
437 3158 492 3201 82,
521 3167 567 3200 23
591 3155 734 3203 Cyrop.
760 3155 821 3197 1v,
854 3166 881 3200 i,
913 3166 976 3199 ¹¹3
1003 3154 1160 3191 Thuc.
1188 3154 1229 3197 11,
1257 3164 1289 3199 5.
1317 3153 1467 3189 Deinde
1483 3154 1588 3198 „iure
1604 3155 1766 3191 iurando
1781 3154 2046 3199 confirmare‚”

333 3217 484 3260 „iurare
510 3214 627 3262 per”:
655 3214 895 3262 Xenoph.
922 3214 1064 3263 Cyrop.
1091 3214 1155 3259 VI,
1181 3227 1213 3259 4,
1239 3216 1285 3258 ⁶5
1313 3213 1567 3249 Aeschin.
1593 3214 1618 3255 1,
1650 3224 1725 3257 ¹0⁴·

381 3276 523 3323 Aptius
548 3275 638 3311 huic
663 3274 752 3311 loco
778 3274 933 3310 videtur
955 3273 1124 3316 ἐνέμοτος.
