2392 3750
1129 367 1181 408 33

290 500 437 530 sermo
468 493 536 529 est
562 485 606 538 ¹).
652 486 944 528 Nihilominus
984 487 1250 529 Philoctetes
1294 501 1356 530 vs,
1387 498 1469 540 941
1493 486 1528 538 ²)
1559 489 1620 530 ait
1653 487 1787 530 filium
1819 487 2002 531 Achillis

291 560 517 610 iuravisse,
552 559 596 600 id
628 559 748 613 quod
779 568 875 600 vss.'
907 559 1017 613 1367
1050 565 1095 600 et
1137 560 1245 610 1398
1277 559 1480 601 affirmat.

348 631 576 672 Praeterea
618 629 948 671 Trachiniarum
982 643 1044 671 vs.
1086 632 1190 672 1181
1229 637 1412 684 apparet
1449 632 1491 673 in
1526 632 1618 673 iure
1655 632 1839 674 iurando
1871 646 2004 686 saepe

290 703 492 744 dextram
524 702 649 743 alteri
679 701 869 756 porrigi:
902 701 1115 743 Hercules
1150 715 1175 743 a
1208 701 1296 743 filio
1328 702 1460 755 Hyllo
1491 703 1732 756 postulans,
1768 710 1817 745 ut
1844 717 2005 757 corpus

290 788 418 816 suum
479 780 582 827 post
642 780 831 814 mortem
895 774 1154 815 comburat:
1204 770 1451 824 ἜμβαιᾸλε,
1499 775 1653 829 inquit,
1702 778 1823 826 χέιραι
1868 772 2004 824 δεξιάν

289 843 500 896 πρώτιστά
530 857 612 893 μοι.
644 844 760 886 Tum
791 843 923 897 Hyllo
954 844 1271 899 tergiversante
1303 844 1373 899 (ὥς
1405 843 1497 895 πρὸς
1529 844 1571 886 τί
1594 843 1732 886 πίστιν
1757 844 1865 897 τήνδ’
1894 843 2005 895 ἄγαν

291 916 580 973 ἐπιστρέφεις),
624 918 758 958 iratus
805 918 966 958 instat:
1014 914 1056 957 οὐ
1098 912 1250 956 θᾶσσον
1298 913 1412 963 οἴσεις
1459 914 1554 966 μήδ’
1604 918 1841 968 ἀπιστήσεις
1889 915 2004 970 ἐμοί;

291 988 392 1042 Quo
424 989 471 1031 fit
504 996 552 1031 ut
583 988 695 1030 filius
727 989 840 1042 patri
874 989 1165 1044 morigeretur
1192 1001 1459 1042 manumque
1487 989 1704 1044 porrigat:
1725 986 1802 1030 ἰδού
1821 986 2004 1040 προτείνω

289 1060 423 1102 κούδὲν
455 1060 740 1111 duramina-ou.
772 1059 981 1115 Sequitur
1014 1061 1158 1114 ipsum
1191 1061 1497 1102 iuramentum.

349 1132 413 1175 Ita
458 1134 616 1175 Medea
651 1135 794 1176 mariti
826 1133 991 1175 Iasonis
1023 1133 1066 1174 in
1099 1132 1356 1174 memoriam
1391 1138 1567 1173 revocat
1599 1144 1688 1173 non
1721 1132 1861 1174 solum
1894 1132 2005 1175 iura-

290 1212 452 1258 menta,
500 1220 649 1249 verum
697 1207 829 1248 etiam
877 1206 1080 1248 dextram
1129 1206 1291 1255 datam,
1338 1204 1461 1245 cuius
1504 1201 1642 1244 πίστιν
1674 1217 1773 1246 esse
1804 1201 2004 1254 μεγίστην

288 1277 395 1319 dicit
411 1274 460 1326 ³).
525 1278 724 1332 Apparet
786 1279 989 1320 dextram
1049 1277 1153 1318 dare
1210 1277 1264 1318 ad
1312 1276 1482 1318 iurandi
1540 1276 1628 1316 vim
1689 1288 2002 1330 nonnunquam

290 1350 492 1401 proxime
524 1350 748 1392 accedere.

348 1419 459 1463 Cum
507 1435 612 1463 vero
658 1422 844 1464 dextrae
891 1422 1020 1463 datae
1067 1420 1178 1462 tanti
1224 1419 1491 1461 haberentur
1509 1415 1543 1466 ¹¹)
1584 1418 1687 1460 nihil
1739 1420 1897 1461 mirum
1938 1426 2005 1461 est

290 1499 447 1546 postea
494 1506 572 1547 per
618 1493 702 1535 hoc
745 1493 846 1535 fidei
895 1494 1066 1548 signum
1115 1491 1243 1533 iurari
1260 1489 1307 1538 ³).
1356 1490 1404 1534 Si
1451 1491 1549 1545 quis
1592 1491 1796 1533 dextram
1827 1490 2004 1533 alterius

289 1565 595 1617 prehendisset
640 1563 722 1607 hac
769 1565 861 1606 sola
907 1577 953 1605 re
1001 1564 1332 1618 quodammodo
1373 1563 1416 1603 in
1449 1564 1541 1604 eius
1575 1562 1662 1604 fide
1695 1568 1801 1604 crat.
1834 1562 2003 1604 Eadem

288 1636 344 1677 de
386 1650 518 1679 causa
548 1650 691 1692 genua
721 1645 796 1679 aut
828 1643 1026 1678 mentum
1062 1648 1195 1688 saepe
1228 1635 1558 1690 attingebantur
1589 1635 1645 1675 cf.
1677 1633 1787 1676 Hec.
1820 1647 1884 1676 vs.
1918 1644 2002 1686 342

288 1721 385 1762 sqq.
433 1709 507 1750 ubi
555 1709 780 1762 Polyxene
826 1709 1176 1750 animadvertere
1224 1720 1272 1748 se
1316 1708 1375 1747 ait
1408 1706 1584 1748 Ulixem
1616 1712 1767 1761 tegere
1799 1706 2003 1748 dextram

291 1787 426 1831 veste,
460 1794 516 1822 ne
548 1781 788 1837 attingatur
821 1787 864 1821 et
897 1780 1053 1821 faciem
1086 1785 1298 1829 avertere,
1330 1791 1387 1819 ne
1414 1783 1609 1819 mentum
1635 1777 2003 1830 apprehendatur.

290 1851 490 1906 Inprimis
521 1866 665 1908 genua
696 1852 902 1906 amplecti
919 1851 1119 1893 solebant
1138 1850 1372 1904 supplices,
1391 1863 1477 1903 qua
1494 1850 1550 1891 de
1569 1862 1615 1890 re
1632 1862 1719 1890 una
1735 1862 1835 1890 cum
1853 1855 2004 1890 mento

288 1924 462 1977 saepius
494 1931 911 1977 commemorantur,
944 1924 1178 1978 praecipue
1210 1923 1254 1963 in
1286 1921 1491 1975 precibus
1514 1917 1563 1967 6).

348 1995 472 2038 Aliae
518 1997 621 2038 iuris
668 1997 836 2039 iurandi
882 1995 1184 2037 caeremoniae
1231 1994 1395 2035 ritusve
1442 2007 1467 2034 a
1499 1992 1675 2047 tragicis
1707 1993 1852 2046 poetis
1883 2004 2003 2034 oom-

288 2074 588 2108 memorantur
633 2067 801 2118 nullae3
849 2065 1008 2108 multas
1054 2066 1096 2106 in
1130 2077 1288 2105 scaena
1320 2063 1491 2104 additas
1523 2075 1621 2103 esse
1654 2062 1872 2104 coniicere
1903 2063 2003 2104 licet

288 2137 549 2180 histrionum
620 2140 830 2195 gestibus,
899 2150 1166 2192 quamquam
1241 2135 1385 2176 verbis
1455 2147 1543 2175 non
1611 2141 1735 2175 erant
1796 2140 2002 2175 notatae:

287 2209 473 2251 dextrae
520 2210 731 2261 sublatae,
785 2210 926 2251 stricti
966 2209 1110 2265 gladii,
1142 2208 1293 2249 altaria
1324 2212 1442 2248 tacta
1459 2204 1514 2261 ⁷).
1547 2206 1607 2248 Ut
1639 2204 1821 2247 afferam
1852 2219 2003 2247 exem-

288 2281 436 2333 plum:
486 2281 600 2323 Creo
648 2295 749 2324 cum
798 2282 961 2323 Phoen.
1002 2281 1109 2333 1677
1157 2281 1295 2321 iurat:
1344 2276 1438 2318 ’ἴστω
1480 2275 1641 2328 σίδηρος
1689 2274 1809 2328 ὅρκιόν
1858 2275 2004 2327 τέμοι

288 2349 409 2404 ξίφος
457 2355 644 2395 sortasse
691 2354 882 2409 gladium
930 2354 1149 2407 stringens
1196 2365 1247 2393 ac
1299 2350 1470 2400 tollens,
1518 2356 1592 2391 aut
1638 2355 1758 2390 certe
1799 2349 2002 2403 capulum

289 2425 568 2478 prehendens
603 2426 808 2467 inductus
840 2431 921 2466 est,
954 2423 1239 2477 Spectatores
1273 2423 1494 2472 videbant,
1526 2421 1671 2462 verbis
1697 2426 1857 2474 poetae
1889 2434 2003 2474 opus

288 2509 376 2538 non
410 2503 518 2539 erat.

341 2683 374 2722 1)
399 2680 559 2716 Philoct.
588 2684 659 2725 526
680 2681 771 2717 nihil
797 2681 900 2717 aliud
915 2681 1140 2727 respondet,
1155 2690 1289 2726 quam:
1317 2677 1435 2710 ἀλλἐ]
1449 2676 1535 2710 δοκεῖ
1546 2675 1704 2719 πλέωμεν,
1723 2676 1879 2719 ὁρμάσθω
1894 2676 2003 2718 ταχῦς

1320 2737 1368 2780 χὴ
1383 2739 1459 2775 ναῦς
1467 2739 1532 2779 γὰρ
1546 2735 1613 2777 ἄξει
1630 2735 1708 2769 »cosm
1723 2734 2002 2778 ἀπαρνηθήσεται.

338 2799 376 2844 2)
399 2800 560 2836 Philoct.
597 2810 685 2844 941:
733 2802 852 2842 ὀμόσας
878 2799 1018 2841 ἀπάξειν
1043 2798 1149 2833 σ’ίκκδ’
1174 2799 1201 2835 ἐς
1228 2798 1342 2839 Τροίαν
1374 2796 1499 2839 μ’ἷέγη·

740 2861 890 2901 προσθείς
914 2872 950 2892 τε
975 2861 1074 2902 χεῖρα
1100 2857 1204 2899 δεξιάν
1231 2861 1271 2890 τὰ
1297 2856 1380 2898 τόξα
1405 2869 1467 2898 μου

739 2922 803 2962 ἀρὰ
828 2921 938 2961 λαβὼν
964 2922 1022 2953 τοῦ
1048 2922 1138 2957 Ζῆνος
1162 2916 1356 2960 Ἡρακλέους
1383 2918 1460 2960 lxxa.

340 2979 378 3022 3)
405 2979 502 3014 Med.
544 2990 608 3015 21:
647 2983 709 3023 8σᾷ
734 2981 793 3021 μὶν
821 2980 926 3022 ὅρκους
950 2979 1110 3013 ἀνακαλεῖ
1134 2978 1168 3012 32
1193 2977 1298 3018 δεξιᾶς

647 3040 758 3072 πίστιν
783 3041 943 3082 μαγίσι-ην
967 3043 1021 3073 καὶ
1044 3040 1140 3077 &nobe
1165 3037 1366 3080 μαρτύρεται.

340 3099 375 3141 4)
401 3098 449 3134 cf.
478 3098 592 3145 Hipp.
622 3109 700 3144 3²5·
728 3109 806 3145 335.
834 3099 877 3136 cf
912 3099 1011 3136 Sitti.
1039 3110 1074 3135 0.
1102 3099 1123 3134 Ι.
1151 3109 1186 3144 p.
1221 3107 1295 3142 ¹35·

338 3161 374 3203 5)
400 3158 517 3205 Hipp.
544 3169 614 3206 ος.
643 3163 723 3205 6ος.

335 3221 371 3261 6)
395 3218 443 3254 cs.
472 3218 561 3255 Eur.
587 3219 688 3255 Med.
716 3229 804 3265 7093
830 3220 972 3257 Phoen.
998 3229 1087 3263 9233
1116 3217 1300 3254 Androm.
1329 3226 1417 3261 57⁴3
1445 3214 1558 3250 Herc.
1587 3213 1657 3249 fur.
1690 3222 1788 3257 1207.

338 3282 374 3322 7)
401 3278 448 3316 cs.
476 3278 573 3315 Sittl.
601 3290 634 3314 ο.
664 3278 685 3315 l.
713 3290 776 3326 pp.
809 3290 874 3323 ¹⁴0
899 3291 986 3326 sqq.
