2392 3750
1283 320 1336 360 32

505 438 593 479 Vix
625 451 737 491 opus
770 445 837 479 est
869 438 1016 479 dicere
1048 452 1136 480 non
1169 439 1211 480 in
1243 440 1449 481 omnibus
1481 441 1748 494 iuramentis,
1784 444 1863 485 sed
1896 444 1938 485 in
1956 443 2157 486 sollemni

444 511 538 551 solo
571 510 770 550 victimas
802 510 1013 551 immolari
1047 510 1251 564 dirasque
1294 514 1624 554 exsecrationes
1655 514 1771 556 addi.
1833 513 2018 556 Sacrum
2054 516 2158 557 sim-

442 581 725 634 plicissimum
775 594 914 634 eaque
957 581 1013 621 de
1061 594 1106 621 re
1155 583 1413 635 saepissime
1461 585 1516 625 ab
1548 585 1612 635 iis,
1647 586 1719 638 qui
1753 586 1964 636 iurabant,
1998 587 2158 628 usitata

443 659 535 693 erat
583 652 746 702 libatio,
809 652 913 705 quin
960 658 1049 692 tam
1097 666 1229 706 saepe
1278 654 1385 695 haec
1435 657 1679 697 iuramento
1728 657 2060 712 adiungebatur‚
2109 664 2156 700 ut

442 721 573 768 ἔνοινος
619 720 687 763 καὶ
736 720 885 774 ἔνορκος
932 723 1127 775 pluribus
1170 723 1278 766 locis
1310 727 1547 768 coniuncta
1592 728 1791 784 legantur
1811 726 1845 783 ¹)
1877 729 2015 771 virum
2050 730 2156 771 indi·

442 795 584 836 cantia
616 795 689 849 qui
721 794 929 835 libatione
962 795 1028 835 ius
1060 796 1289 837 iurandum
1322 797 1620 840 affirmaverit.

501 866 628 908 Unde
660 866 857 919 sequitur
890 872 936 906 ut
970 866 1143 919 publice
1176 868 1211 908 si
1245 869 1479 920 iurabatur,
1527 884 1703 924 semper
1738 871 1829 913 fere
1871 885 1993 914 sacra
2023 873 2157 915 adde·

442 944 604 978 rentur.
668 936 914 991 Aliquoties
946 938 1178 980 iuramenti
1211 941 1342 981 verba
1370 941 1673 984 incidebantur
1708 943 1749 984 in
1776 957 1865 994 aeS‚
1899 945 2019 998 quod
2051 943 2155 986 Hik.

446 1020 554 1050 1202
604 1009 710 1049 satis
743 1015 938 1061 apparet,
974 1022 1149 1062 semper
1181 1024 1233 1051 ea
1266 1013 1598 1065 quodammodo
1637 1021 1810 1056 servata
1842 1029 1939 1057 esse
1971 1029 2156 1058 consen·

439 1086 617 1121 taneum
653 1087 734 1120 est.
798 1079 1013 1122 Homines
1047 1082 1205 1134 privati
1251 1088 1356 1124 tunc
1402 1090 1573 1126 tantum
1623 1086 1682 1127 ita
1717 1087 1929 1138 iurabant,
1978 1087 2155 1141 quando

438 1150 638 1191 sollemni
686 1151 778 1191 iure
824 1152 1006 1193 iurando
1057 1159 1150 1193 erat
1198 1167 1323 1207 opus,
1373 1156 1640 1209 gravissimis
1689 1158 1818 1213 igitur
1866 1158 2155 1212 temporibus.

438 1223 614 1263 Praeter
645 1222 753 1264 haec
787 1236 910 1264 sacra
937 1223 1237 1276 compluribus
1271 1226 1377 1267 locis
1411 1229 1711 1269 caeremoniae
1745 1230 1888 1270 minus
1920 1229 2155 1272 sollemnes

439 1301 853 1335 commemorantur.
902 1295 1118 1348 Imprimis
1167 1297 1370 1338 dextram
1414 1299 1458 1339 in
1499 1299 1682 1341 iurando
1715 1301 1808 1341 dari
1839 1307 2035 1354 apparet,
2068 1302 2154 1357 sig-

438 1379 543 1407 num
590 1367 710 1420 quod
756 1379 932 1419 semper
973 1368 1054 1408 fuit
1101 1367 1203 1409 fidei
1237 1370 1369 1410 etiam
1404 1372 1565 1412 nostris
1598 1373 1872 1425 temporibus
1890 1369 1937 1417 2).
1990 1372 2155 1426 Quanti

438 1438 595 1478 dextra
642 1438 744 1479 data
791 1438 1027 1480 haberetur
1074 1440 1339 1494 tragicorum
1387 1443 1630 1484 carminum
1663 1444 1811 1485 multis
1843 1444 1951 1485 locis
1982 1445 2153 1501 legitur,

437 1513 542 1563 quin
589 1508 833 1563 aliquoties,
881 1511 917 1551 si
964 1512 1062 1564 quis
1112 1511 1237 1553 alteri
1269 1513 1473 1554 dextram
1507 1515 1791 1566 porrexisset,
1826 1517 1891 1558 ius
1923 1517 2152 1559 iurandum

437 1581 680 1622 ducebatur
719 1582 773 1622 cf.
808 1581 921 1623 Oed.
956 1582 1047 1624 Col.
1088 1584 1197 1634 1632
1231 1584 1306 1625 ubi
1338 1579 1364 1624 ὦ
1398 1582 1517 1635 Φίλον
1551 1583 1671 1638 κάρα,
1706 1588 1846 1641 inquit
1879 1587 2091 1642 Oedipus,

794 1663 858 1712 δός
888 1680 954 1715 μοι
987 1665 1106 1718 χερὸς
1138 1671 1208 1715 σῆς
1242 1667 1376 1709 πίστιν
1411 1669 1597 1720 ἀρχαίαν
1626 1669 1775 1717 τέκνοις

794 1736 968 1787 ὑμεῖςτε,
1000 1737 1161 1786 παῖδες,
1194 1738 1310 1791 τῷδε·
1344 1738 1415 1780 και
1451 1739 1687 1783 καταίνεσον

797 1808 957 1859 μήποτε
988 1809 1199 1861 προδώσειν
1230 1809 1346 1852 τάσδ’
1383 1810 1476 1853 ἑκών
1503 1844 1778 1857 .......

436 1895 490 1936 ad
523 1908 636 1948 quae
667 1895 802 1935 verba
833 1894 973 1935 nuntii
1004 1908 1068 1936 vs.
1107 1895 1218 1946 1636
1250 1902 1482 1949 spectant:

852 1974 909 2017 ὅδ’
943 1977 992 2023 ὡς
1023 1976 1119 2028 ἀνὴρ
1151 1981 1330 2027 γενναῖος
1358 1978 1427 2020 οὐκ
1458 1978 1587 2020 οἴκτου
1619 1995 1730 2030 μετα

850 2050 1065 2100 κατῄνεσεν
1095 2048 1189 2089 ταδ’
1223 2047 1343 2100 ὅρκιος
1376 2049 1530 2101 δράσειν
1562 2048 1671 2102 ξένῳ.

495 2133 684 2175 Nuntius
730 2133 860 2187 igitur
906 2130 1048 2173 διδόναι
1097 2132 1218 2184 χερὸς
1263 2132 1396 2175 πίστιν
1445 2136 1643 2177 eiusdem
1689 2138 1818 2189 pretii
1849 2138 1982 2180 habet
2015 2146 2150 2194 atque

433 2201 554 2255 ὅρκιος
602 2206 805 2245 καταινεῖν
852 2218 890 2244 τι
933 2206 958 2246 i.
989 2219 1026 2246 e.
1075 2206 1166 2247 iure
1210 2207 1393 2247 iurando
1426 2206 1698 2249 confirmare.
1731 2207 1851 2250 Idem
1882 2209 2149 2252 Philoctetes

434 2284 586 2330 putat:
645 2278 711 2318 ius
759 2277 990 2319 iurandum
1038 2291 1126 2319 non
1177 2278 1327 2333 exigit,
1375 2278 1670 2331 Neoptolemo
1718 2282 1903 2334 imperat
1949 2288 2147 2324 tantum:

432 2346 629 2397 ἔμΒαλλε
656 2346 790 2399 χειρὸς
822 2345 957 2388 πίστιν
975 2347 1021 2399 ³),
1055 2350 1125 2390 cui
1158 2349 1226 2390 ille
1261 2351 1525 2402 respondet:
1557 2349 1760 2400 ἐμβάλλεο
1795 2354 1938 2401 μενεῖν,
1969 2367 2146 2396 manum

431 2421 524 2461 sine
581 2420 716 2461 dubio
773 2421 1013 2475 porrigens.
1072 2420 1202 2462 Nullo
1250 2421 1349 2462 loco
1395 2422 1451 2463 de
1499 2422 1590 2463 iure
1638 2423 1820 2464 iurando
1867 2424 2147 2478 Neoptolemi

836 2596 975 2634 σπονδὰς
999 2599 1148 2631 καθεῖναι
1173 2597 1435 2639 κάπαράσασθαι
1464 2597 1540 2631 τάδε
1568 2627 1575 2634 ,
1626 2626 1634 2634 .
1685 2628 1694 2636 ,
1745 2627 1753 2635 ,

480 2658 583 2706 Quid
611 2656 871 2695 sacrificatum
896 2660 957 2704 sit,
983 2670 1061 2695 non
1087 2659 1239 2695 dicitur.
1266 2658 1358 2693 Veri
1383 2658 1506 2696 simile
1532 2663 1593 2693 est
1620 2669 1688 2695 eos
1715 2670 1872 2705 quoque
1890 2662 1972 2696 sive
1993 2666 2145 2698 taurum

431 2720 513 2754 sive
540 2731 687 2765 aprum,
714 2720 796 2755 sive
823 2719 972 2754 hircum
1000 2721 1233 2755 mactavisse
1273 2720 1320 2755 cf.
1348 2720 1505 2766 Stengel
1533 2731 1568 2756 o.
1585 2720 1604 2755 l.
1633 2732 1667 2766 pi
1700 2732 1775 2763 123.

485 2798 518 2834 ι’)
544 2793 592 2828 cf.
621 2792 777 2840 Stengel
804 2804 838 2828 ο.
865 2794 886 2828 l.
914 2803 950 2838 p.
983 2803 1058 2836 ¹23·
1085 2791 1339 2828 Gewohnlich
1366 2795 1510 2839 geniigt
1535 2793 1606 2828 das
1629 2792 1768 2829 σπονδὰς
1789 2792 1967 2828 ποιεῖσθαι.
2006 2795 2146 2832 Dieses

431 2854 481 2888 ist
507 2854 600 2888 aber
625 2853 887 2895 unerlasslich‚
914 2855 1026 2886 ἔνοινον
1051 2855 1105 2885 uhu
1127 2851 1251 2895 ’ἔνορκον
1277 2853 1327 2889 ist
1353 2853 1415 2887 ein
1443 2854 1693 2891 technischer
1718 2855 1914 2891 ausdruck
1934 2857 2143 2902 geworden

430 2912 496 2956 (cf.
535 2913 576 2949 C.
603 2913 629 2948 Ι.
657 2913 702 2949 G.
742 2924 845 2959 2554,
885 2916 1004 2959 2555),
1029 2958 1031 2960 ‚
1041 2915 1080 2960 ja
1114 2924 1201 2949 man
1228 2919 1314 2960 sagt
1339 2925 1455 2961 sogar
1485 2913 1625 2951 σπονδὰς
1649 2914 1773 2957 τέμνειν
1798 2915 1904 2956 (Eur,
1930 2915 2012 2951 Hel,
2045 2926 2144 2959 ¹234·

469 2973 476 2979 '
595 2973 601 2979 “
636 3000 643 3008 .
669 2972 721 3008 Bl.
775 2985 820 3007 2.

432 2972 538 3067 Dlgg
564 2972 661 3077 Sipbsa
698 2978 883 3068 libatione
922 3033 1050 3078 deque
1090 3033 1179 3068 vino
1218 3033 1256 3068 in
1293 3043 1340 3068 ea
1377 3034 1520 3069 usitata
1554 3033 1601 3068 cf.
1637 3033 1781 3068 Schom
1796 3033 1919 3079 -Lips.
1946 3044 1982 3079 p.
2009 3043 2076 3079 235
2103 3039 2143 3070 et

430 3091 598 3138 stengel,
625 3092 790 3128 Hermes
816 3093 936 3128 XVII.
963 3104 1042 3136 330.

478 3167 515 3207 2)
541 3164 587 3199 cf.
616 3165 879 3200 Romanorum
906 3164 1021 3199 illud:
1050 3165 1230 3200 dextram
1257 3164 1452 3210 fidemque
1479 3165 1581 3201 dare.

478 3236 512 3278 3)
539 3235 581 3270 cf
614 3236 732 3281 Soph.
760 3237 921 3271 Philoct
949 3239 1029 3271 811.
