2392 3750
1265 305 1323 354 64

489 435 633 488 Ὅρκον
676 434 805 477 δοῦναι
847 432 915 476 καὶ
957 431 1162 483 δέξαιο-θαι
1194 441 1420 488 praeterea
1451 440 1599 477 tamen
1631 436 1790 478 dicitur
1821 436 1878 478 de
1917 435 2003 478 fide
2040 436 2142 478 data

430 515 474 550 et
520 515 703 562 accepta
724 507 767 561 ¹),
815 514 863 549 ut
910 503 1020 557 ὅρκον
1062 505 1193 548 δοῦναι
1237 507 1395 548 dicitur
1438 520 1518 560 pro
1560 505 1727 557 ὀμνύναι
1769 514 1813 549 et
1854 532 1907 538 —
1939 504 2143 556 δέξασθαι

429 593 532 633 pro:
583 580 810 632 „accipere
860 581 925 620 ius
973 578 1246 620 iurandum.''
1286 577 1435 619 Locus
1469 578 1668 620 laudatus
1701 577 1833 634 igitur
1865 580 1976 621 verti
2008 580 2141 621 etiam

429 657 600 704 potest:
650 651 716 692 ius
764 651 993 692 iurandum
1035 656 1184 691 autem
1225 662 1369 704 neque
1411 649 1598 703 accipiet
1639 651 1857 703 (nostrum
1888 651 1967 702 sc.)
1999 664 2144 705 neque

430 724 524 776 ipse
556 723 660 764 dare
692 722 822 764 volet.
855 721 945 764 Sed
977 722 1105 773 satis;
1154 728 1301 763 utrum
1334 722 1390 763 sit
1421 729 1590 764 rectum
1623 736 1711 765 non
1744 723 1930 765 multum
1962 724 2146 765 interest

430 796 485 836 ad
529 794 820 849 intellegenda
852 808 916 846 ea,
960 807 1073 849 quae
1105 794 1252 836 dicere
1285 795 1466 847 cupiunt
1498 794 1666 836 Furiae.
1699 793 1856 837 Sermo
1887 801 1957 837 est
1988 796 2044 838 de
2075 808 2144 848 eo,

430 867 551 921 quod
593 864 785 915 διωμοσία
826 866 1014 908 Athenis
1053 866 1295 917 dicebatur,
1329 866 1372 907 in
1404 880 1490 920 qua
1522 879 1622 908 reus
1654 868 1934 909 innocentem
1966 881 2015 908 se
2046 879 2145 909 esse

431 938 599 979 iurabat
619 935 666 989 ²),
701 943 931 979 accusator
965 944 1119 979 contra
1135 939 1227 979 iure
1244 951 1292 979 se
1310 951 1531 991 accusare,
1564 951 1676 992 quae
1694 939 1937 980 iuramenta
1953 939 2145 994 antiquis

430 1010 703 1063 temporibus
735 1011 864 1051 unica
898 1016 1157 1065 argumenta
1189 1015 1327 1051 erant.

491 1081 646 1135 Neque
678 1095 794 1123 nunc
827 1082 911 1123 dea
945 1082 1087 1123 Furiis
1120 1083 1430 1138 morigeratur:
1465 1078 1600 1122 κλύειν
1636 1089 1802 1135 monet,
1818 1080 1966 1128 δίκαιος
1983 1082 2145 1132 μᾶλλον

432 1150 454 1200 ἢ
485 1149 639 1203 πρᾶξαι
671 1150 809 1199 θέλοις
828 1149 875 1209 3),
909 1167 1022 1207 quae
1054 1167 1156 1195 cum
1188 1166 1276 1194 non
1309 1153 1532 1209 intellegat
1565 1154 1723 1196 chorus
1751 1152 1825 1210 (cf.
1852 1164 1907 1205 43
1917 1157 1968 1207 5),
1986 1154 2147 1196 deinde

431 1225 675 1266 accuratius
707 1224 767 1265 ita
799 1224 1015 1278 explicat:

805 1292 927 1346 ὅρκοις
957 1293 1014 1336 τὰ
1046 1294 1119 1345 μὲν
1150 1293 1288 1336 δίκαια
1319 1295 1378 1346 μὴ
1411 1297 1519 1337 νικᾶν
1550 1294 1657 1346 λέγω
1690 1299 1716 1339 i.
1735 1311 1774 1339 e.

431 1369 492 1409 rei
526 1369 663 1409 iustae
696 1369 788 1410 iure
821 1369 1004 1410 iurando
1037 1381 1150 1419 opus
1182 1381 1272 1410 non
1305 1376 1386 1410 est.

491 1440 689 1494 Apparet
735 1440 866 1496 igitur
913 1440 1017 1481 nihil
1065 1441 1149 1482 hoc
1192 1440 1290 1482 loco
1325 1440 1408 1495 legi
1440 1441 1495 1482 de
1527 1441 1593 1492 iis,
1626 1455 1738 1496 quae
1771 1441 1916 1483 Hirzel
1947 1441 2076 1483 affert
2095 1437 2146 1497 ⁸¹),

433 1623 597 1665 possunt
635 1619 731 1654 nisi:
773 1618 860 1653 fieri
897 1629 973 1654 non
1012 1624 1154 1664 potest,
1194 1625 1237 1655 ut
1262 1620 1362 1655 iuret
1387 1621 1461 1655 nisi
1488 1620 1584 1655 salso
1611 1620 1774 1656 Orestes
1799 1621 1859 1656 ius
1884 1621 2087 1657 iurandum
2113 1622 2149 1658 ei

433 1679 677 1724 imperatum,
704 1688 746 1713 se
773 1683 937 1713 matrem
963 1689 1016 1714 se.
1045 1690 1122 1714 non
1150 1689 1325 1723 necasse,
1352 1680 1499 1726 quippe
1523 1680 1630 1725 quod
1643 1681 1822 1715 omnibus
1838 1685 1981 1726 pateat.
1998 1681 2148 1717 Deinde

433 1738 561 1784 pergit
599 1737 736 1773 Schol:
775 1735 861 1778 μήτε
897 1736 1007 1770 θέλειν
1044 1738 1130 1779 ὅρκον
1167 1738 1256 1779 ἡμᾶς
1288 1739 1427 1776 αἰτῆσαι
1454 1740 1475 1774 i.
1503 1750 1536 1776 e.
1562 1738 1597 1772 οὐ
1623 1738 1732 1772 δοῦναι
1757 1738 1870 1773 θέλειτ
1897 1751 1920 1775 a
1945 1741 2059 1776 nobis
2089 1741 2148 1776 ius

432 1797 634 1833 iurandum
663 1798 823 1843 exigere
851 1809 929 1833 non
955 1798 1047 1841 vult,
1074 1810 1143 1834 nos
1169 1799 1297 1834 iurare
1327 1810 1405 1834 non
1431 1800 1532 1835 sinit.

485 1867 517 1896 ι)
545 1857 593 1892 cf.
621 1857 814 1894 Herod.
844 1857 905 1899 VI,
935 1868 990 1901 23.

482 1920 517 1959 2)
544 1918 628 1952 lure
656 1917 823 1953 Blass.
850 1928 886 1954 ο.
913 1917 935 1952 l.
963 1929 999 1963 p.
1031 1929 1118 1952 121:
1146 1918 1186 1953 In
1213 1919 1303 1954 dem
1330 1919 1494 1954 altesten
1521 1919 1887 1961 Rechtsverfahren,
1904 1919 2072 1956 welches
2085 1920 2149 1955 die
2210 1950 2215 1954 .

434 1977 675 2012 Eumeniden
713 1977 824 2012 allein
864 1978 1029 2023 kennen,
1068 1979 1143 2024 gab
1184 1989 1226 2014 es
1267 1979 1431 2014 anderes
1471 1979 1747 2015 Beweismittel
1787 1980 1841 2015 als
1877 1980 1953 2015 den
1979 1979 2053 2015 Eid
2080 1980 2150 2015 der

433 2037 623 2073 Parteien.

482 2097 531 2133 cf.
558 2096 970 2132 Meier-Schom.
998 2108 1033 2134 ο.
1062 2097 1084 2134 l.
1111 2109 1147 2143 p.
1175 2101 1255 2142 827.

484 2156 519 2202 3)
546 2157 603 2192 Ita
642 2156 729 2202 lego
767 2167 856 2192 cum
896 2156 1014 2199 Blass,
1055 2158 1165 2193 cuius
1202 2158 1351 2203 optima
1385 2159 1478 2193 mihi
1511 2159 1664 2194 videtur
1690 2159 1962 2204 interpretatio
1989 2158 2039 2195 cf.
2065 2170 2099 2195 o.
2126 2159 2150 2194 l.

436 2229 471 2263 p.
504 2228 592 2252 122:
619 2217 743 2252 Wolle
770 2217 891 2252 lieber
918 2218 1081 2263 gerecht
1106 2218 1263 2253 heiszen
1289 2219 1386 2253 oder
1413 2219 1501 2254 dein
1528 2219 1670 2254 Zweck
1694 2219 1896 2254 erreichen
1924 2219 2003 2261 (die
2016 2219 2150 2255 Rache

436 2277 662 2319 vollziehen,
687 2279 783 2320 624).
810 2277 943 2313 Malim
970 2284 1101 2313 tamen
1128 2283 1279 2314 mutare
1304 2276 1411 2316 θέλεις
1436 2279 1473 2314 in
1498 2277 1604 2315 θέλοις
1630 2290 1746 2325 quam
1773 2279 1907 2318 ἰηὲῐέλε,
1921 2279 2029 2325 quod
2042 2279 2150 2315 Blass

435 2337 652 2383 proposuit.

483 2398 519 2441 4)
546 2397 649 2442 „Der
674 2396 749 2431 Eid
775 2397 939 2442 (biisste)
966 2397 1158 2444 allmiihlig
1187 2398 1294 2433 seine
1321 2398 1629 2434 entscheidende
1656 2398 1769 2434 Kraft
1793 2398 1867 2443 ein,
1882 2399 2007 2444 inquit
2022 2398 2151 2434 Hirzel

436 2468 472 2492 ο.
513 2456 534 2491 l.
573 2468 608 2502 p.
654 2467 730 2501 107,
767 2457 846 2492 und
882 2457 1014 2492 wurde
1042 2458 1103 2493 ein
1130 2458 1405 2493 Beweismittel
1432 2459 1558 2494 neben
1579 2458 1737 2499 andern,
1763 2459 1833 2494 das
1859 2469 1923 2493 um
1950 2470 1997 2494 zu
2021 2458 2150 2505 gelten

438 2522 518 2552 erst
551 2517 673 2552 selbst
699 2517 844 2552 wieder
877 2517 948 2552 der
972 2517 1141 2564 Prfifung
1167 2518 1382 2563 bedurste‚¹'
1410 2523 1449 2554 et
1476 2518 1590 2564 paulo
1616 2523 1707 2564 post
1757 2518 1867 2561 „Und
1893 2518 1984 2553 dass
2011 2518 2151 2554 manin

404 2624 406 2626 Ι
438 2577 508 2612 der
533 2576 636 2612 That
661 2576 724 2612 die
751 2576 871 2622 Rege!
897 2588 942 2613 so
969 2577 1164 2622 auffasste,
1195 2577 1295 2613 lehrt
1319 2589 1392 2613 uns
1417 2578 1480 2613 die
1507 2578 1659 2613 Athene
1681 2578 1751 2613 des
1765 2578 1982 2621 Aischylos,
1996 2578 2060 2614 die
2074 2589 2151 2614 von

438 2636 508 2671 der
545 2636 839 2672 Eidesdelation
867 2637 943 2672 den
969 2637 1059 2684 Sieg
1085 2637 1155 2673 der
1181 2638 1447 2683 ungereehten
1472 2638 1598 2673 Sache
1625 2637 1797 2673 ffirchtet
1821 2637 1899 2672 und
1920 2638 1971 2672 im
1998 2637 2151 2685 Gegen·

438 2701 521 2731 satz
546 2696 678 2731 hierzu
705 2696 775 2731 das
801 2696 983 2731 Anhoren
1010 2697 1089 2732 und
1115 2697 1177 2732 die
1207 2698 1457 2742 Aussprache
1482 2697 1619 2732 beider
1644 2697 1820 2732 Parteien
1847 2697 2031 2732 fordert.'’

488 2757 556 2801 „rba
590 2755 672 2797 μέν”
711 2756 744 2791 si
781 2755 954 2802 legimus.
994 2757 1043 2792 de
1080 2757 1245 2792 victoria
1279 2767 1420 2792 causae
1448 2757 1613 2792 iniustae
1639 2767 1769 2792 sermo
1792 2757 1950 2793 omnino
1975 2767 2051 2792 non
2078 2762 2151 2803 est,

438 2826 573 2851 verum
599 2815 716 2850 etiam
743 2815 776 2850 si
803 2825 890 2850 cum
917 2815 1058 2860 Hirzel‚
1083 2815 1166 2852 aliis
1192 2816 1354 2862 legimus
1380 2815 1447 2858 „vd
1472 2814 1542 2857 μιὶ”
1568 2816 1618 2851 de
1645 2822 1751 2852 metu
1777 2817 1874 2851 deae
1895 2816 1986 2851 nihil
2000 2816 2151 2863 legitur,

441 2874 558 2921 Quod
595 2875 629 2910 si
666 2874 839 2921 legimus,
877 2875 1212 2921 interpretandum
1251 2876 1352 2920 enim
1392 2886 1478 2911 esse
1518 2876 1610 2910 mihi
1647 2876 1818 2911 videtur:
1855 2875 1983 2910 Etiam
2015 2876 2150 2918 sivos,

440 2935 579 2970 Furiae
618 2936 870 2980 quaestiones
908 2940 948 2971 et
985 2936 1202 2971 iuramenta
1240 2946 1357 2981 quam
1385 2935 1631 2970 callidissime
1659 2936 1891 2976 contexatis,
1919 2940 1962 2970 ut
1987 2934 2150 2971 Orestes

441 2995 514 3030 reti
552 2995 664 3040 quasi
703 2996 753 3030 sit
789 2995 1038 3038 constrictus,
1076 2995 1324 3031 nihilominus
1362 2994 1461 3036 ὅρκοις
1486 2996 1532 3026 τὰ
1563 2994 1609 3035 μὴ
1635 2993 1748 3027 δίκαια
1772 2994 1818 3035 μῆ
1844 2997 1931 3027 νικᾶν
1952 2994 2040 3036 λέγω
2065 2995 2088 3030 i.
2116 3004 2149 3030 e.

441 3054 667 3089 iuramentis
693 3064 774 3089 rem
802 3055 983 3090 iniustam
1010 3055 1215 3090 victoriam
1240 3065 1317 3090 non
1346 3060 1546 3099 reportare
1573 3055 1663 3090 dico
1689 3055 1795 3099 (aio).

489 3113 644 3148 Minime
667 3119 873 3159 praeterea
897 3114 1071 3149 Minerva
1098 3117 1170 3157 „im
1199 3114 1396 3160 Gegensatz
1419 3113 1581 3157 hierzffl,
1606 3114 1788 3160 postulat,
1815 3119 1856 3149 ut
1881 3119 1921 3149 et
1945 3114 2085 3149 Furiae
2111 3119 2151 3150 et

442 3172 604 3208 Orestes
643 3173 859 3208 audiantur.
899 3174 986 3209 Hoc
1011 3178 1095 3209 erat
1121 3179 1427 3209 consentaneum
1453 3184 1581 3220 neque
1607 3175 1765 3210 omnino
1799 3174 1986 3210 resistunt
2010 3174 2150 3209 Furiae

443 3231 536 3278 (ἀλλ’
562 3229 739 3277 ἐξέλεγχε,
765 3233 953 3278 inquiunt,
979 3234 1062 3275 κρῖνε
1086 3232 1247 3266 δἐὒθεῑαν
1273 3232 1363 3272 δίκην
1388 3234 1410 3269 i.
1437 3244 1470 3270 e.
1498 3244 1699 3280 properes,
1713 3244 1873 3280 quaeso,
1887 3234 2152 3280 interrogare).
