2392 3750
1221 294 1278 336 34

441 416 530 460 Sed
576 416 684 458 haec
731 416 959 458 hactenus.
1022 414 1168 457 Unum
1218 420 1285 456 est
1317 414 1437 469 quod
1469 414 1629 456 addam
1661 414 1716 456 de
1748 414 1884 456 modo
1910 427 1970 456 sc.
2004 426 2094 469 quo

382 489 448 530 ius
482 488 711 529 iurandum
746 491 998 543 exigeretur
1041 492 1084 527 et
1133 486 1324 528 daretur.
1387 485 1575 540 Liquide
1616 486 1660 527 id
1701 491 1883 539 apparet
1916 485 2007 539 Iph.
2040 484 2094 527 T.

384 568 465 612 735
502 573 598 613 sqq.
631 560 705 601 ubi
738 560 803 600 ius
837 557 1066 599 iurandum
1100 563 1312 607 narratur,
1362 557 1482 610 quod
1526 556 1750 612 Iphigenia
1781 556 1931 609 Pyladi
1959 556 2094 609 impe-

383 638 473 672 rat:
508 628 671 677 Δώσεις,
708 629 861 683 inquit,
899 627 1032 678 λέγειν
1065 627 1163 679 χρὴ,
1195 626 1309 676 τήνδε
1341 630 1442 669 τόισι
1472 630 1550 674 σόις
1582 626 1731 679 Φίλοις,
1778 628 1835 669 ad
1873 642 1986 682 quae
2017 627 2096 681 Py·

382 701 503 743 lades
535 701 775 755 respondet
807 702 888 746 τοῖς
919 700 999 746 σόις
1031 697 1183 751 Φίλοισι
1200 697 1423 750 γράμματ’
1443 697 1634 740 ἁποδώσω
1651 696 1763 740 τάδε.
1796 699 1967 741 Deinde
1984 700 2097 741 inter

382 787 458 815 eos
491 773 696 814 convenit
744 785 822 824 per
870 784 982 825 quos
1016 771 1125 813 deos
1173 771 1402 813 iurandum
1445 772 1501 812 sit
1544 772 1732 825 utrique.
1781 770 1983 825 Denique
2014 770 2096 812 sibi

382 858 548 899 poenas
581 846 847 897 imprecatur
878 843 1078 896 Pylades,
1113 844 1162 895 si,
1195 844 1316 897 quod
1346 843 1548 896 promisit
1580 856 1670 884 non
1709 842 1919 896 perficiat.

442 916 613 957 Eodem
647 915 781 956 modo
816 915 908 956 fere
941 915 1105 955 iuratur
1137 914 1254 955 Med.
1289 922 1389 967 745,
1423 915 1498 955 ubi
1539 913 1698 955 Medea
1742 927 1767 954 a
1809 926 1911 968 rege
1942 913 2097 968 Aegeo

382 989 673 1030 iuramentum
707 987 858 1042 exigit.
891 986 1084 1027 Primum
1117 985 1188 1035 dii,
1225 999 1302 1039 per
1335 999 1446 1039 quos
1479 986 1709 1027 iurandum
1728 991 1795 1026 est
1813 985 1920 1040 regi,
1937 985 2098 1026 deinde

383 1060 487 1114 quid
522 1059 577 1099 sit
624 1058 987 1111 promittendum,
1038 1058 1228 1111 denique
1275 1071 1389 1111 quae
1437 1070 1582 1111 poena
1613 1057 1838 1098 immineat
1870 1057 2096 1109 peieranti,

382 1131 494 1171 inter
525 1143 603 1171 eos
636 1135 938 1170 convenerunt
970 1127 1017 1184 ¹).
1082 1128 1237 1181 Hyllus
1265 1141 1456 1182 quoque,
1492 1129 1616 1170 cuius
1643 1129 1934 1169 iuramentum
1967 1140 2100 1181 supra

382 1202 468 1242 iam
500 1201 955 1250 commemoravimus,
989 1199 1104 1241 hunc
1136 1200 1179 1241 in
1211 1200 1393 1241 modum
1426 1200 1493 1241 ius
1525 1199 1756 1241 iurandum
1788 1199 1877 1240 dat.
1913 1195 1945 1246 ²)

440 1271 573 1325 Apud
620 1271 727 1312 alios
774 1271 1014 1324 scriptores
1062 1271 1167 1312 iuris
1212 1271 1381 1312 iurandi
1427 1271 1729 1312 caeremoniae
1776 1271 1973 1324 ritusque
2012 1271 2098 1312 iam

383 1343 631 1385 distinctius
665 1343 975 1384 describuntur
1006 1356 1044 1383 e.
1071 1355 1111 1398 g.
1148 1340 1435 1396 Aristoph.
1471 1342 1716 1395 Lysistr.
1749 1355 1834 1383 vss.
1875 1343 1949 1384 181
1986 1355 2098 1398 sqq„

383 1427 492 1469 quas
525 1415 690 1456 referre
722 1413 901 1470 longum
934 1420 1002 1455 est
1034 1426 1116 1455 nec
1148 1414 1276 1455 huius
1308 1414 1468 1466 operis.
1503 1413 1678 1469 Tragici
1710 1419 1871 1456 tacent.
1905 1411 1940 1467 ³)

440 2624 470 2664 1)
509 2620 794 2656 observatione
822 2621 977 2666 dignum
1007 2625 1068 2655 est
1094 2621 1163 2655 has
1190 2620 1285 2655 iuris
1310 2620 1462 2655 iurandi
1489 2620 1673 2656 formulas
1699 2621 1827 2656 multis
1849 2631 1899 2656 ex
1925 2621 2102 2666 partibus

388 2689 475 2715 esse
515 2680 670 2715 similes.
711 2679 759 2715 cf.
799 2680 879 2725 Iph.
918 2680 961 2715 T.
990 2689 1057 2723 743
1084 2684 1200 2725 atque
1227 2679 1328 2716 Med.
1355 2684 1447 2724 745;
1475 2679 1555 2725 Iph.
1582 2679 1626 2715 T.
1654 2690 1721 2723 747
1748 2685 1866 2726 atque
1891 2680 1991 2715 Med.
2019 2684 2100 2725 746,

389 2747 479 2783 752;
518 2739 599 2784 Iph.
637 2738 681 2774 T.
723 2748 791 2784 750
830 2744 947 2785 atque
987 2739 1087 2774 Med.
1124 2749 1203 2784 754-
1239 2739 1418 2784 Quadam
1445 2749 1495 2774 ex
1522 2744 1632 2784 parte
1659 2745 1877 2783 congruunt
1903 2750 1991 2775 curn
2017 2740 2099 2775 iure

388 2798 562 2840 iurando,
602 2809 680 2843 quo
718 2799 880 2834 foedera
919 2798 1071 2844 publica
1112 2799 1386 2833 sanciebantur
1425 2799 1471 2833 ci.
1512 2799 1679 2834 Larfeld.
1706 2800 1731 2834 Ι.
1759 2799 1911 2835 Handb.
1938 2800 2008 2835 der
2033 2799 2100 2836 Gr.

388 2857 643 2903 Epigraphik-
670 2860 793 2902 (¹907)
819 2869 883 2904 pp·
911 2869 991 2903 442,
1019 2860 1100 2901 446,
1126 2867 1207 2902 447,
1233 2861 1326 2903 4483
1353 2858 1395 2893 11-
1422 2869 1454 2901 2,
1482 2869 1546 2904 pp-
1574 2868 1641 2902 727
1668 2870 1754 2905 sqq-

437 2917 473 2962 2)
498 2917 546 2952 cf.
572 2917 712 2953 Trach.
743 2922 843 2953 1181.
1315 2929 1317 2933 ’

437 2981 473 3020 3)
511 2977 608 3012 Item
647 2987 698 3012 ex
730 2978 777 3013 iis
810 2988 887 3013 non
926 2982 1092 3023 apparet
1128 2977 1306 3024 graviora
1344 2977 1560 3012 iuramenta
1586 2978 1708 3013 sacris
1733 2978 1841 3020 locis2
1868 2978 1906 3013 in
1933 2978 2098 3024 templis,

390 3037 440 3071 ad
478 3047 564 3072 aras
603 3037 697 3078 dari,
738 3037 786 3072 de
826 3047 903 3083 qua
929 3037 1215 3072 consuetudine
1243 3037 1289 3072 cf.
1321 3037 1590 3082 Schom-Lips.
1621 3049 1655 3072 o.
1684 3038 1704 3072 1.
1733 3049 1768 3083 p.
1796 3040 1885 3073 278:
1926 3038 2101 3083 „Erhoht

390 3097 522 3131 wurde
561 3097 624 3131 die
659 3097 934 3132 Feierlichkeit
961 3097 1030 3132 des
1055 3097 1175 3132 Eides
1202 3098 1301 3132 auch
1329 3097 1513 3138 dadurch‚
1543 3097 1635 3132 dasz
1664 3108 1751 3132 man
1777 3098 1843 3132 ihn
1868 3108 1915 3132 an
1942 3098 2099 3134 Altaren

390 3156 468 3191 und
506 3157 543 3190 in
581 3156 815 3202 geheiligten
854 3156 1027 3192 Lokalen
1065 3155 1230 3202 ablegte‚
1269 3167 1330 3191 wo
1365 3156 1436 3191 das
1469 3157 1618 3192 Numen
1645 3157 1715 3192 der
1742 3157 1882 3194 Gotter
1909 3157 2018 3193 mehr
2043 3157 2099 3193 als

391 3215 594 3251 anderswo
621 3217 884 3262 gegenwartig
909 3215 1078 3262 gedacht
1104 3216 1271 3251 wurde.''
1298 3216 1520 3262 Sequuntur
1549 3217 1656 3252 varia
1682 3216 1872 3263 exempla.
