2326 3718
1108 335 1167 375 99

283 454 358 507 qui
404 454 499 496 fieri
545 455 686 508 possit
733 460 782 497 ut
821 454 998 496 homine
1037 454 1264 510 indignum
1294 454 1520 505 habeatur,
1553 454 1673 506 quod
1705 454 1773 495 vel
1805 454 1877 496 dei
1907 467 1996 496 non

282 532 491 580 spernant
521 527 576 568 ad
608 526 727 568 dicta
754 525 1059 567 asseveranda.

342 594 400 638 2⁰.
450 596 584 651 Quod
624 598 680 639 ad
727 595 944 638 Creonem
990 595 1287 651 Sophocleum
1335 597 1538 650 pertinet,
1589 608 1720 648 quern
1765 597 1996 649 superbiae

282 668 535 722 exemplum
581 668 710 710 affert
755 668 912 719 Hirzel,
962 680 1067 709 sane
1109 669 1153 709 in
1188 666 1468 724 „Antigone”
1501 674 1714 721 tyrannus
1746 674 1814 709 est
1848 681 1997 721 super-

282 739 501 789 bissimus,
543 740 664 792 quod
710 745 859 781 tamen
905 752 994 780 non
1043 739 1241 792 impedit,
1292 752 1347 780 ne
1380 739 1636 792 saepissime
1667 740 1734 780 ius
1766 739 1995 781 iurandum

281 811 501 862 adhibeat,
533 812 638 865 quin
669 817 757 853 tam
792 824 925 865 saepe
961 812 1086 861 iuret,
1121 818 1168 853 ut
1204 824 1293 852 non
1324 812 1470 867 magni
1497 812 1624 865 pretii
1644 811 1738 853 eius
1754 811 1997 853 iuramenta

281 882 482 924 habenda
514 883 600 924 sint
622 880 665 939 ¹).

341 953 388 995 In
435 955 672 1010 tragoedia,
721 966 834 1007 quae
881 954 1130 996 inscribitur
1173 954 1402 1007 „Oedipus
1445 956 1686 1008 tyrannus·
1730 955 1848 996 idem
1881 953 1995 996 Creo

280 1025 373 1066 iure
404 1025 586 1067 iurando
616 1025 806 1067 affirmat
838 1026 1118 1067 innocentem
1151 1039 1199 1067 se
1232 1038 1331 1067 esse
1349 1024 1399 1080 2),
1433 1026 1592 1068 eodem
1624 1027 1759 1068 modo
1791 1032 1926 1078 atque
1952 1027 1995 1067 in

282 1095 563 1153 „Antigone”
595 1097 746 1153 vigiles
762 1093 798 1152 ⁸)
831 1103 875 1138 et
906 1097 1023 1150 apud
1055 1097 1309 1150 Euripidem
1341 1097 1610 1151 Hippolytus
1630 1094 1674 1149 ¹¹).

339 1167 550 1222 Quamvis
598 1169 777 1222 superbi
818 1168 873 1210 sit
906 1169 1051 1219 animi,
1085 1169 1275 1210 eundem
1308 1167 1526 1211 Creonem
1560 1182 1648 1210 non
1680 1170 1818 1222 pudet
1853 1169 1908 1214 O.
1942 1169 1995 1210 R.

287 1249 397 1290 1039
427 1240 645 1293 profiteri:

637 1309 770 1363 ἔδρασ’
803 1308 866 1358 ἄν,
892 1305 936 1352 εὖ
966 1313 1074 1352 τοῦτ’
1108 1308 1193 1352 ἴσθ’
1227 1309 1291 1359 ἄν,
1322 1312 1358 1352 εἰ
1386 1319 1444 1362 μὴ
1474 1314 1542 1353 τοῦ
1575 1313 1672 1353 ,θεοῦ

637 1384 793 1434 πρῶτον
826 1380 995 1435 ἔχρῃζον
1027 1380 1227 1433 ἐκμαθεῖν
1258 1381 1301 1423 τί
1332 1382 1542 1434 πρακτέον.

279 1454 372 1496 Nec
414 1454 615 1496 Theseus
652 1455 793 1497 iurare
835 1455 997 1508 aliquid
1030 1469 1133 1510 rege
1166 1456 1391 1511 indignum
1424 1462 1563 1509 putat,
1596 1456 1762 1510 quippe
1793 1457 1869 1510 qui
1899 1457 1994 1510 ipse

278 1524 415 1578 Soph.
449 1525 503 1568 O.
537 1525 587 1569 C.
626 1535 750 1579 11453
783 1525 934 1581 (1767)
965 1534 1285 1570 commemoret
1318 1527 1410 1568 iure
1442 1527 1625 1569 iurando
1642 1541 1691 1568 se
1707 1527 1994 1569 affirmavisse

278 1598 495 1650 promissa
527 1611 606 1639 sua
636 1611 718 1640 nec
750 1598 931 1640 omnino
963 1611 987 1639 e
1024 1597 1121 1639 loco
1154 1612 1286 1651 supra
1317 1597 1494 1640 laudato
1512 1599 1569 1652 (o.
1588 1598 1614 1641 l.
1632 1599 1792 1652 651)⁵)
1811 1605 1994 1652 apparet

278 1682 487 1722 spernere
520 1682 620 1711 eum
654 1669 720 1711 ius
751 1670 993 1711 iurandum.

337 1741 447 1782 Item
493 1741 813 1795 Neoptolemus
859 1741 1040 1782 Philoct.
1095 1743 1218 1793 1289,
1273 1752 1385 1793 1324
1431 1755 1681 1784 sermonem
1731 1755 1858 1784 suum
1901 1743 1993 1784 iure

277 1813 461 1854 iurando
492 1813 735 1854 confirmat.

337 1885 517 1926 Minime
564 1885 694 1940 igitur
741 1885 783 1925 in
815 1885 916 1925 viris
949 1883 1229 1926 nobilissimis
1262 1884 1327 1926 his
1360 1891 1573 1938 apparent
1605 1899 1670 1938 ea,
1702 1897 1815 1938 quae
1847 1885 1992 1927 Hirzel

277 1969 321 2010 p.
369 1967 451 2008 119
491 1957 741 1998 contendit:
791 1956 927 2008 „Wer
969 1956 1128 1998 keinen
1159 1956 1272 1998 Herr
1304 1958 1414 1999 iiber
1445 1957 1536 1998 sich
1570 1957 1771 2009 erkennt‚
1803 1958 1993 1999 schwort

277 2028 390 2070 auch
421 2028 585 2079 nicht,'’
618 2015 776 2082 neque,
808 2040 921 2081 quae
952 2028 1008 2070 de
1040 2028 1271 2082 proposito
1301 2028 1534 2082 Sophoclis
1566 2042 1667 2071 eum
1700 2029 1992 2083 disputavisse

277 2113 409 2153 supra
456 2100 811 2141 commemoravi.
860 2100 919 2141 Et
965 2099 1117 2156 vigiles
1161 2106 1206 2141 et
1238 2113 1363 2156 reges
1395 2101 1553 2153 iurant,
1586 2100 1661 2142 ubi
1693 2114 1876 2142 necesse
1908 2107 1991 2150 est,

275 2171 472 2225 utrisque
505 2173 570 2213 ius
603 2172 831 2213 iurandum
865 2184 1086 2213 summum
1119 2171 1419 2214 testimonium
1453 2179 1520 2213 est
1553 2172 1762 2213 veritatis.

335 2242 543 2296 Sequitur
574 2245 721 2294 etiam,
756 2250 802 2284 ut
835 2244 988 2285 iniuria
1019 2242 1264 2296 Sophocles
1290 2243 1371 2284 hac
1389 2244 1431 2284 in
1450 2257 1495 2284 re
1512 2250 1763 2297 opponatur
1779 2243 1990 2298 Euripidi.

277 2313 410 2368 Apud
452 2314 707 2368 Euripidem
740 2315 1087 2369 Hippolytuset
1118 2314 1296 2369 Aegeus
1328 2316 1544 2368 promissa
1575 2328 1653 2356 sua
1686 2316 1777 2357 iure
1809 2316 1992 2357 iurando

329 2475 360 2517 1)
386 2473 435 2510 cs.
461 2473 581 2521 Soph.
607 2474 695 2511 Ant.
726 2476 803 2518 184,
830 2485 911 2518 304,
938 2478 1017 2515 484.

325 2536 363 2576 2)
386 2544 441 2569 vs.
468 2536 549 2578 ⁶⁴⁴·

326 2591 362 2639 3)
387 2594 476 2630 Ant.
502 2595 570 2634 264
597 2604 682 2640 sqq.

324 2652 361 2698 4)
387 2653 503 2700 Hipp.
534 2663 621 2699 1025
649 2665 735 2700 sqq.

325 2714 359 2758 5)
387 2712 487 2748 Fieri
527 2724 684 2760 quoque
723 2719 866 2760 potest,
908 2720 949 2750 ut
990 2716 1086 2751 κακός
1124 2713 1160 2749 h.
1189 2713 1210 2748 Ι.
1238 2711 1451 2759 significet:
1485 2712 1721 2758 „ignobilis”
1758 2712 1989 2750 En.-Genth.

276 2771 372 2809 Lex.
399 2772 517 2819 Soph.
545 2785 579 2819 p.
595 2775 662 2816 362
689 2774 711 2809 i.
727 2785 761 2809 v.
787 2775 884 2811 κακός
897 2783 990 2810 sane
1006 2774 1142 2809 habet:
1172 2773 1391 2815 „hominem
1407 2774 1575 2807 maxime
1592 2772 1732 2808 malum
1748 2778 1787 2809 et
1802 2773 1989 2809 nefarium

277 2830 560 2877 significat....
588 2833 635 2869 O.
650 2833 691 2870 C.
717 2834 908 2879 650,''sed
922 2833 1303 2877 etiam:„raro(361)
1330 2831 1633 2878 ignobilem
1662 2831 1931 2874 δυσγενῆΟ.
1947 2832 1992 2870 R.

280 2890 403 2935 1063.’'
429 2892 492 2933 (cf.
530 2892 636 2929 Ebel.
666 2893 759 2929 Lex.
789 2893 902 2930 Hom.
931 2895 952 2929 i.
980 2905 1014 2930 v.
1039 2904 1075 2939 p.
1103 2894 1198 2937 633).
1238 2893 1405 2933 Passow,
1434 2902 1469 2926 ο.
1499 2891 1519 2925 1.
1547 2891 1568 2926 i.
1597 2903 1654 2927 v.:
1685 2891 1793 2936 „Von
1820 2892 1990 2928 slechter

279 2952 471 2988 Herkunft
508 2953 606 2988 oder
643 2952 803 2996 Geburt,
841 2952 993 2998 unedel,
1032 2953 1196 3000 gemein,
1236 2952 1335 2988 auch
1362 2962 1456 2994 arm,
1482 2961 1573 2997 opp.
1595 2949 1733 2988 ’leSAoet
1767 2951 1840 2987 Od.
1868 2951 1989 2994 XXH,

277 3020 368 3056 ⁴¹53
409 3010 470 3053 1v,
506 3013 574 3055 613
615 3011 675 3056 VI,
717 3014 805 3058 1873
843 3012 962 3059 Soph.
1002 3012 1046 3048 O.
1076 3012 1117 3047 R.
1149 3015 1247 3055 1063.
1275 3011 1322 3047 cf.
1351 3011 1466 3047 Arist.
1495 3010 1570 3046 Pol.
1599 3010 1644 3055 V,
1671 3022 1705 3057 p.
1740 3021 1842 3056 1310,
1869 3022 1903 3057 a,
1929 3012 1987 3056 9,''

277 3069 383 3116 quod
420 3070 453 3105 ai
490 3070 543 3106 ita
588 3075 659 3115 est,
686 3070 863 3117 Oedipus
889 3072 1020 3108 dicere
1047 3071 1149 3108 vult:
1178 3077 1228 3113 te,
1255 3071 1400 3117 quippe
1428 3082 1570 3118 regem,
1598 3071 1656 3106 ius
1684 3071 1885 3106 iurandum
1913 3082 1989 3106 non

276 3129 442 3176 adigam.
479 3135 663 3176 tanquam
703 3131 825 3167 virum
865 3131 1081 3179 ignobilem.
1121 3131 1204 3167 Non
1244 3131 1302 3166 ius
1344 3131 1546 3166 iurandum
1575 3141 1665 3176 rege
1692 3131 1890 3177 indignum
1917 3136 1989 3172 est,

276 3188 347 3224 sed
385 3199 462 3225 non
500 3189 616 3225 decet
640 3189 849 3237 Oedipoda
875 3192 1033 3237 exigere
1061 3190 1110 3232 id,
1138 3190 1229 3236 quia
1254 3200 1373 3225 causa
1399 3189 1598 3225 diffidendi
1625 3190 1673 3224 sit
1700 3189 1801 3224 nulla
1828 3190 1866 3225 id
1893 3195 1989 3225 tem-

277 3249 395 3294 poris.
423 3248 615 3284 Promissa
641 3248 784 3286 Thesei
809 3250 1069 3287 satisfaciunt.
