2392 3750
1306 300 1364 351 96

477 431 581 483 quin
624 444 701 472 eos
744 444 841 472 esse
885 431 958 471 vix
1003 429 1168 481 credat,
1206 430 1381 483 saepius
1414 443 1491 471 eos
1526 430 1777 481 contestari,
1810 430 2007 483 sequitur
2040 437 2188 473 tamen

477 517 533 543 ex
582 516 650 554 eo,
697 503 817 555 quod
851 501 1036 543 formula
1068 501 1207 542 inanis
1241 502 1279 542 ei
1313 507 1380 542 est
1413 501 1719 543 iuramentum.
1755 501 1843 543 Res
1875 503 2015 553 abest,
2050 502 2192 543 forma

478 576 552 625 rei,
597 586 710 626 quae
751 580 840 614 tam
884 574 958 615 diu
986 574 1096 614 tanti
1130 573 1258 626 pretii
1294 573 1438 625 fuerit,
1478 572 1742 625 aliquamdiu
1776 579 1936 615 manet.
1970 572 2085 615 Nihil
2117 587 2191 615 au-

476 652 565 686 tem
610 645 806 698 impedit,
850 645 955 697 quin
998 658 1100 685 vera
1142 650 1296 686 natura
1340 645 1499 685 amissa
1530 643 1645 685 aliud
1678 643 1763 685 alio
1795 645 1930 686 modo
1961 645 2072 686 hanc
2105 645 2192 686 for-

477 730 592 757 mam
635 722 894 766 commutet,
926 715 1034 756 alius
1077 714 1193 757 aliud
1234 715 1367 756 addat
1400 722 1474 756 aut
1506 715 1709 757 detrahat
1740 716 1888 768 itaque
1921 715 2082 757 multae
2114 729 2193 758 eae

477 787 690 829 formulae
708 785 740 841 1)
783 787 1014 838 exsistant,
1058 798 1171 839 quae
1214 787 1443 827 iuramenti
1487 786 1665 827 nomine
1698 786 1956 840 plerumque
1988 787 2191 838 indicata,

476 873 579 900 vera
620 859 863 900 iuramenta
904 871 993 899 non
1037 858 1138 899 sint.
1180 857 1327 898 Facile
1370 858 1502 899 etiarn
1545 857 1810 913 intelligitur,
1854 870 1942 910 quo
1984 858 2119 900 modo
2149 859 2193 900 in

476 944 630 984 preces
688 930 943 983 irrepserint
989 929 1152 970 multae
1194 929 1290 970 illae
1331 929 1563 970 iuramenti
1605 929 1817 970 formulae
1835 926 1883 983 2),
1931 930 1987 970 de
2033 930 2193 983 quibus

475 1016 607 1055 supra
648 1003 831 1057 egimus,
864 1013 1043 1054 quoque
1077 1001 1211 1042 modo
1245 1000 1337 1042 fieri
1367 1002 1523 1054 possit,
1557 1008 1604 1042 ut
1636 1014 1812 1054 semper
1843 1001 1950 1042 aliae
1983 1001 2195 1043 formulae

476 1080 742 1127 quaerantur
783 1074 839 1114 ad
875 1074 1105 1114 veritatem
1146 1072 1450 1113 affirmationis
1495 1072 1561 1114 vel
1599 1074 1803 1126 promissi
1836 1073 2192 1115 confirmandam.

536 1146 606 1187 Ius
649 1146 894 1196 iurandum,
937 1144 1039 1186 licet
1084 1158 1304 1186 summum
1339 1144 1534 1186 veritatis
1567 1145 1867 1187 testimonium
1900 1158 1990 1187 non
2020 1158 2195 1199 semper

477 1215 640 1257 servari
682 1220 844 1268 potest.
886 1213 1099 1267 Quamvis
1144 1213 1378 1254 affirmatio
1411 1214 1746 1267 perfectissima,
1779 1221 1929 1255 manet
1960 1214 2194 1256 affirmatio

476 1287 679 1328 humana.
722 1285 789 1327 Ne
832 1285 1167 1339 potentissimus
1200 1285 1379 1338 quidem
1410 1284 1605 1338 polliceri
1638 1292 1800 1338 potest,
1832 1286 1983 1339 utique
2014 1298 2063 1327 se
2095 1298 2196 1339 pro-

477 1359 659 1400 missum
692 1364 1008 1399 exsecuturum
1041 1370 1154 1400 esse.
1188 1356 1334 1398 Etiam
1363 1357 1432 1398 hic
1466 1363 1620 1399 cautus
1653 1371 1751 1398 esse
1784 1358 1918 1399 debet
1937 1358 1980 1398 in
1997 1357 2193 1399 iurando.

475 1430 598 1471 Haec
630 1443 812 1471 monere
844 1429 943 1485 vigil
975 1429 1226 1484 Antigonae
1258 1429 1300 1469 in
1332 1429 1478 1469 animo
1510 1429 1643 1470 habet
1661 1426 1837 1484 ³)‚haec
1855 1429 2074 1470 sententia
2089 1429 2195 1470 mihi

477 1515 574 1543 esse
607 1502 780 1543 videtur
812 1501 1045 1556 fragmenti
1076 1499 1328 1542 Archilochi
1362 1514 1493 1553 supra
1508 1502 1593 1542 iam
1611 1499 1774 1542 laudati
1796 1498 1845 1555 ⁴).
1878 1501 1973 1542 Hac
1991 1501 2047 1542 de
2063 1513 2195 1543 causa

476 1572 663 1626 Pylades
695 1573 1008 1625 exceptionem
1042 1572 1145 1613 facit
1167 1570 1218 1625 ⁵).
1251 1571 1474 1625 Tempora
1505 1573 1706 1614 accidere
1738 1579 1937 1626 possunt,
1971 1584 2083 1625 quae
2114 1572 2194 1613 im-

477 1646 669 1698 pediant,
699 1656 788 1697 quo
813 1645 958 1686 minus
986 1644 1052 1685 ius
1070 1645 1298 1686 iurandum
1319 1651 1517 1686 servetur
1534 1645 1867 1698 promissorium
1885 1644 2006 1697 quod
2021 1644 2194 1685 dicitur.

535 1716 650 1757 Nihil
682 1723 830 1757 tamen
861 1715 973 1756 hanc
1006 1715 1304 1756 infirmitatem
1338 1716 1421 1769 ipsi
1453 1716 1533 1757 iuri
1565 1717 1748 1758 iurando
1780 1717 2030 1757 obtrectare
2050 1727 2194 1768 neque

476 1789 568 1830 eius
615 1788 924 1829 auctoritatem
972 1787 1168 1828 minuere
1215 1788 1332 1840 apud
1374 1788 1492 1841 ipsos
1533 1789 1738 1840 antiquos
1781 1788 2001 1829 discimus.
2061 1786 2196 1830 Cuius

477 1860 624 1909 refert,
668 1866 736 1900 est
778 1859 961 1908 animus,
1005 1872 1094 1900 non
1139 1860 1284 1901 exitus
1310 1856 1357 1911 ⁶).
1403 1859 1547 1900 Etiam
1581 1859 1615 1900 si
1648 1858 1878 1912 aliquoties
1911 1859 2073 1900 servari
2105 1871 2195 1900 non

477 1938 640 1985 potest,
684 1938 832 1972 manet
875 1931 941 1972 ius
983 1931 1215 1972 iurandum
1257 1931 1575 1982 testimonium,
1621 1942 1710 1983 quo
1751 1930 1891 1971 maius
1924 1931 2058 1972 horno
2090 1930 2194 1972 dare

476 2003 641 2045 nullum
674 2003 828 2056 possit.

536 2075 699 2127 Utique
725 2075 805 2116 iuri
823 2075 1007 2116 iurando
1024 2076 1262 2116 assertorio
1274 2075 1543 2116 credendum
1561 2087 1673 2125 esse,
1692 2075 1774 2115 nisi
1792 2087 1924 2116 causa
1940 2074 2196 2130 gravissima

477 2148 534 2188 sit
566 2147 807 2197 diffidendi,
841 2160 898 2187 ex
930 2147 1066 2200 ipsius
1094 2146 1188 2187 eius
1205 2153 1360 2187 natura
1379 2147 1576 2198 sequitur
1592 2147 1763 2199 ipsique
1781 2146 1948 2198 antiqui
1965 2146 2128 2187 docent
2145 2141 2194 2199 ⁷).

478 2219 624 2260 Etiam
657 2219 736 2259 viri
768 2218 869 2259 mali
898 2218 1015 2259 credi
1034 2218 1114 2259 iuri
1132 2218 1315 2259 iurando
1332 2218 1450 2271 apud
1471 2217 1739 2270 Sophoclem
1757 2231 1889 2270 supra
1906 2217 2195 2259 ostendimus

530 2398 564 2435 1)
590 2395 638 2430 cf.
659 2406 724 2441 pp.
751 2404 808 2439 51,
838 2405 894 2440 52.

528 2457 564 2498 2)
591 2455 639 2490 ct.
666 2455 836 2490 Iudicem
863 2455 935 2490 sub
961 2455 1254 2500 praepositione
1280 2455 1387 2495 mag„

528 2515 562 2558 3)
589 2514 638 2550 cf.
665 2514 755 2550 Ant.
782 2516 851 2558 388
883 2525 968 2560 sqq.

526 2577 562 2617 4)
590 2573 638 2610 cf.
663 2573 781 2610 Anth.
808 2574 886 2621 Lyr
924 2573 1190 2610 Hiller-Crusii
1215 2573 1360 2609 Archil.
1388 2574 1431 2608 fr.
1459 2584 1499 2618 71
1530 2574 1580 2619 (p.
1614 2573 1717 2619 112);
1744 2573 1863 2619 Soph.
1889 2574 1997 2609 Aiac.
2025 2575 2106 2616 646.

529 2632 565 2680 5)
590 2634 642 2672 cf.
665 2633 755 2670 Eur.
782 2633 863 2679 Iph.
890 2633 932 2669 T.
959 2643 1039 2678 755.

529 2692 565 2739 6)
591 2693 640 2728 cf.
668 2693 776 2730 Stob.
809 2693 909 2728 Flor.
936 2693 1111 2737 XXVIII,
1142 2704 1182 2734 14
1208 2692 1269 2737 (H.
1302 2694 1375 2736 17):
1416 2697 1583 2731 Κλεάνθης
1608 2694 1669 2735 ἔφη
1693 2694 1751 2725 τὸν
1776 2691 1940 2734 barbona
1965 2691 2037 2730 ἤτοι
2058 2691 2196 2734 εὔορκεῒν

479 2751 498 2791 ἥ
523 2753 674 2794 ἐπιορκεῖν
699 2756 778 2785 καθ’
805 2752 837 2785 ὅν
859 2750 977 2793 ’ὄμνυσι
1002 2754 1129 2794 χρόνον.
1161 2754 1240 2784 Ἐὰν
1265 2752 1324 2793 μὲν
1350 2754 1415 2794 γὰρ
1442 2753 1542 2790 οὕτως
1568 2751 1668 2795 ὀμνύῃ
1693 2753 1734 2789 ὡς
1758 2751 1953 2784 ἐπιτελέα-ων
1976 2753 2024 2784 τὰ
2036 2753 2126 2785 κατὰ
2138 2753 2195 2785 τὸν

481 2812 564 2852 ὅρκον
590 2811 735 2854 εὐορκεῖν,
761 2813 814 2844 ἐὰν
841 2811 875 2844 δὲ
900 2814 1051 2853 πρόθεσιν
1075 2810 1163 2855 ’ἔχων
1189 2812 1235 2854 μὴ
1263 2813 1431 2852 ἐπιτελεῖν,
1457 2813 1622 2854 ἐπιορκεῖν.

530 2876 565 2916 7)
592 2872 638 2907 cf.
667 2876 713 2907 tr.
740 2872 886 2909 Comic.
915 2872 963 2907 111
988 2884 1013 2918 p
1055 2883 1120 2916 149
1146 2872 1238 2915 (fab.
1265 2873 1338 2908 inc.
1366 2871 1408 2907 fr.
1436 2877 1498 2916 43)
1525 2873 1755 2919 Antiphan.:

957 2931 1033 2964 ὅταν
1057 2943 1110 2970 τις
1134 2930 1306 2973 ‘’turbam-'oc
1329 2935 1516 2976 καταφρονῇ

957 2989 980 3033 ᾧ
1002 2990 1048 3032 μὴ
1073 2990 1200 3024 σύνοιδε
1224 2993 1372 3034 πρότερον
1396 2993 1604 3034 ἐπιωρκηκότι

957 3049 1047 3088 οὗτος
1073 3052 1286 3093 καταφρονεῖν
1311 3055 1372 3084 τῶν
1397 3055 1477 3084 θεῶν
1502 3052 1571 3093 ἐμοι
1596 3050 1682 3084 δοκεῖ

957 3110 1016 3143 καὶ
1039 3113 1185 3153 πρότερον
1209 3111 1334 3152 ὀμόσας
1360 3110 1462 3149 αὐτὸς
1486 3110 1709 3153 ἐπιωρκηκέναι
1738 3141 1743 3147 ,
1772 3137 1780 3145 .
1808 3139 1815 3147 .
1843 3139 1851 3146 .

577 3171 685 3206 Stob.
713 3171 813 3206 Flor.
840 3170 997 3216 XXVII,
1024 3184 1045 3214 4
1071 3170 1175 3217 (H,):
1201 3171 1290 3208 ὅστις
1313 3172 1379 3213 γὰρ
1404 3169 1554 3212 ὀμνύοντι
1579 3169 1679 3212 μηδὲν
1703 3171 1862 3203 πείθεται

1196 3230 1297 3269 αὐτὸς
1321 3231 1475 3273 ἐπιορκεῖν
1502 3230 1616 3273 ῥαδίως
1640 3231 1836 3264 ἐπίσταται.
