2326 3718
1217 343 1298 374 110

385 464 503 506 nullo
551 463 649 505 loco
696 471 844 505 tamen
891 470 1074 517 apparet
1121 464 1253 505 etiam
1300 465 1538 517 periurium
1571 478 1668 506 eam
1696 466 1754 507 ob
1786 478 1963 507 causam
1997 465 2100 507 dare

385 534 551 577 licitum
582 535 746 577 haberi.

447 607 538 647 Nec
586 620 638 647 ea
688 617 800 658 quae
839 611 1084 658 sequuntur
1127 605 1333 647 Orestem
1367 607 1557 660 periurio
1590 607 1813 649 considere
1846 606 2099 649 ostendunt.

390 677 553 719 Verum
585 677 734 718 dolum
769 677 885 718 enim
917 676 1097 718 adhibet
1131 690 1192 718 vs.
1230 687 1276 729 51
1315 679 1466 720 dicens
1499 692 1546 720 se
1574 678 1717 731 ipsum
1754 685 1986 720 venturum
2004 691 2102 720 esse

388 762 486 790 cum
520 762 600 790 suo
633 748 768 801 ipsius
801 748 961 797 cinere,
994 760 1083 801 quo
1116 749 1254 804 magis
1287 756 1474 791 mortem
1509 750 1752 791 nuntiatam
1784 750 1990 802 probaret
2021 762 2104 790 nec

388 821 543 861 frustra
574 819 772 861 fraudem
805 819 916 861 hanc
949 827 1227 861 commentus
1261 826 1342 862 est.
1376 821 1428 862 Ei
1460 821 1696 877 contigisse
1730 822 1786 872 id,
1818 822 1938 874 quod
1956 834 2098 874 spera·

388 897 522 942 verat,
555 892 659 932 satis
692 891 886 932 indicant
919 891 1053 932 verba
1088 890 1303 942 Electrae,
1336 890 1500 945 quippe
1527 904 1639 944 quae
1656 905 1719 935 vs,
1744 902 1854 943 1109
1872 898 2100 944 queratur:

391 996 398 1004 .
435 997 442 1005 .
481 996 487 1003 .
523 996 530 1004 .
566 959 756 1015 φέροντες
788 961 958 1014 ἐμφανῆ
989 959 1187 1013 τεκμήριικ
1220 969 1264 1004 et
1296 961 1657 1016 Clytaemestrae,
1691 975 1804 1016 quae
1837 977 1900 1004 vs.
1933 971 2016 1016 773

834 1034 918 1079 πῶς
948 1029 1040 1084 γάρ,
1074 1039 1212 1088 rogat,
1245 1031 1295 1074 ἄν
1327 1031 1463 1084 μάτην
1497 1032 1633 1083 λέγοις

835 1103 867 1145 εἰ
898 1118 964 1155 μοι
997 1101 1191 1151 θανόντος
1226 1103 1340 1146 πίστ’
1375 1104 1484 1158 ἔχων
1521 1105 1718 1157 τεκμήρια

837 1173 1066 1227 προσ-ἦλθες
1099 1208 1286 1219 .....
1309 1175 1354 1232 ¹).

448 1247 565 1290 Sane
611 1261 711 1289 curn
759 1247 816 1289 W
835 1247 994 1289 olff-
1013 1248 1422 1290 Bellermann
1449 1246 1482 1302 2)
1517 1249 1663 1290 dicere
1696 1261 1953 1302 possumus:
1990 1247 2106 1304 „Der

389 1319 581 1361 Meineid
627 1333 716 1360 war
761 1319 855 1360 hier
901 1320 1039 1361 durch
1087 1320 1174 1361 den
1221 1320 1521 1362 Gotterwillen
1569 1319 1879 1374 entschuldigt,
1927 1320 1980 1361 da
2028 1319 2107 1360 das

391 1390 553 1433 Orakel
586 1391 708 1446 Trug
742 1391 1112 1447 vorgeschrieben
1143 1391 1310 1445 hatte''‚
1342 1392 1422 1433 sed
1455 1392 1632 1433 minime
1664 1392 1772 1433 haec
1796 1392 1899 1432 mihi
1917 1390 2105 1444 placent.

390 1462 502 1505 Cum
534 1460 906 1515 Vahlenio³)
938 1463 1050 1504 hanc
1083 1462 1255 1505 Orestis
1288 1465 1546 1515 orationem,
1571 1475 1701 1516 quam
1721 1465 1915 1504 referunt
1932 1462 2108 1504 codices

390 1547 480 1575 non
527 1534 633 1575 satis
681 1547 779 1575 esse
827 1535 983 1575 scitam
1030 1541 1138 1587 puto
1185 1537 1314 1587 eique
1346 1534 1578 1587 assentior,
1610 1535 1708 1576 ubi:
1748 1534 1917 1587 „Plane,
1951 1533 2105 1587 inquit,

390 1607 579 1647 absurda
626 1613 774 1647 tamen
821 1606 968 1647 evadit
1018 1620 1084 1657 eo,
1133 1607 1254 1659 quod
1284 1607 1568 1662 paedagogus
1601 1606 1643 1647 in
1676 1613 1878 1659 tempore
1908 1618 1998 1647 non
2029 1606 2107 1647 ob-

390 1684 608 1730 temperat
640 1683 731 1719 tam
763 1691 977 1730 expresso
1009 1678 1218 1719 mandato
1251 1678 1417 1719 domini
1449 1689 1606 1730 neque,
1641 1684 1688 1719 ut
1721 1690 1790 1718 res
1822 1684 1951 1719 natae
1968 1683 2106 1727 erant,

391 1751 700 1802 obtemperare
747 1749 905 1802 potuit.
953 1749 1048 1790 Iure
1096 1750 1281 1791 iurando
1328 1750 1480 1791 addito
1527 1749 1644 1790 enim
1677 1749 1720 1790 in
1752 1749 1899 1790 animo
1933 1747 2107 1801 Clytae-

392 1827 582 1862 mestrae
615 1821 937 1862 dubitationem
969 1821 1256 1862 excitavisset
1287 1822 1468 1874 iureque
1486 1821 1615 1875 igitur
1632 1821 1862 1862 omittitur.
1895 1820 1986 1861 Vix
2002 1831 2108 1861 vero

393 1893 661 1934 credendum
695 1899 763 1934 est
793 1891 1061 1946 Sophoclem
1093 1900 1271 1946 poetam
1303 1892 1620 1945 lepidissimum
1652 1891 1847 1944 talequid
1881 1891 2109 1944 scripsisse

393 1964 524 2017 idque
566 1964 712 2005 indole
745 1963 918 2006 Orestis
949 1964 1150 2014 alienum,
1184 1964 1306 2005 cuius
1339 1977 1466 2005 usum
1499 1976 1587 2004 non
1620 1963 1728 2017 fore,
1761 1964 1804 2004 in
1837 1963 1982 2004 fabula
2015 1962 2110 2015 ipse

394 2036 468 2088 qui
500 2041 788 2089 componeret
819 2037 1021 2091 ignorare
1053 2049 1140 2077 non
1172 2036 1390 2089 poterat.”

453 2106 546 2148 Nec
578 2113 726 2148 tamen
759 2119 860 2147 cum
893 2107 1051 2147 eodem
1085 2106 1315 2147 consentio
1346 2119 1427 2159 pro
1461 2105 1676 2147 vocabulo
1704 2102 1799 2157 ὅρκῳ
1817 2106 1854 2146 si
1871 2105 1974 2161 legit
1992 2101 2108 2155 ἔργῳ,

394 2179 515 2232 quod
547 2178 743 2220 Meckler
774 2179 817 2219 in
850 2184 1023 2219 textum
1057 2178 1238 2231 recepit.
1272 2177 1413 2219 Multo
1431 2177 1586 2219 melius
1602 2177 1709 2218 mihi
1727 2178 1898 2218 videtur
1915 2177 1972 2229 id,
1990 2177 2110 2229 quod

395 2250 542 2291 multis
589 2255 692 2291 ante
739 2249 863 2290 annis
909 2249 1184 2304 Musgravius
1231 2249 1476 2302 proposuit,
1521 2250 1684 2302 quippe
1716 2250 1790 2301 qui
1822 2261 1908 2290 una
1938 2254 2109 2289 tantum

395 2322 539 2363 littera
570 2327 739 2363 mutata
770 2321 945 2373 utrique
962 2320 1232 2362 difficultati:
1266 2327 1446 2373 poetam
1463 2317 1558 2370 ὅρκῳ
1575 2321 1841 2361 scribentem
1860 2320 2110 2372 improbum

396 2393 580 2435 suadere
628 2393 866 2446 periurium
912 2405 994 2433 nec
1042 2405 1193 2433 senem
1243 2392 1401 2442 facere,
1449 2392 1570 2444 quod
1616 2392 1655 2432 ei
1702 2397 1796 2432 erat
1841 2391 2112 2443 mandatum,

397 2465 638 2506 medeatur.
687 2463 818 2519 Legit
865 2463 933 2505 ille
966 2459 1083 2515 ὄγκῳ,
1116 2469 1250 2516 atque
1282 2463 1435 2504 vertit:
1474 2463 1652 2515 „nuntia
1682 2469 1832 2504 autem
1864 2462 2035 2515 prolixe
2066 2467 2111 2502 et

397 2549 498 2578 cum
529 2536 697 2577 ambitu
729 2535 923 2588 quodam
939 2535 1192 2576 orationis.”
1229 2534 1450 2576 Facillime
1467 2534 1561 2575 fieri
1578 2535 1790 2587 potuisse,
1807 2538 2050 2586 utPatque
2066 2536 2111 2583 Γ,

397 2608 566 2650 litterae
598 2608 710 2649 inter
742 2620 790 2648 se
821 2607 1065 2649 simillimae
1097 2621 1122 2648 a
1153 2606 1326 2647 librario
1356 2606 1550 2659 quodam
1567 2611 1943 2647 commutarentur
1958 2604 2112 2658 priscis

398 2681 484 2721 iarn
531 2680 818 2733 temporibus,
866 2685 914 2720 ut
961 2677 1232 2721 scholiastes
1264 2678 1350 2719 iam
1383 2678 1535 2733 legerit
1568 2674 1685 2730 δ’γκῳ,
1719 2677 1979 2730 praesertim
2011 2675 2112 2728 quia

398 2765 501 2802 vox,
549 2763 663 2804 quae
710 2758 778 2792 est
824 2747 919 2801 ὅρκῳ
967 2749 1106 2792 multo
1153 2756 1245 2790 erat
1293 2750 1439 2790 notior
1485 2761 1617 2801 quam
1659 2746 1778 2800 ὄγκῳ,
1813 2748 2113 2801 unusquisque

400 2823 628 2864 concedet.

464 2892 504 2934 T
500 2893 618 2936 rach.
668 2904 754 2946 399
800 2893 883 2935 alio
926 2894 1061 2936 modo
1102 2906 1171 2935 res
1214 2906 1262 2939 se
1303 2893 1450 2934 habet.
1492 2891 1706 2935 Consulto
1753 2891 1914 2933 Lichas
1944 2891 2113 2944 peierat

401 2979 553 3008 verum
584 2966 859 3008 contendens
891 2979 940 3006 se
971 2966 1286 3015 nuntiaturum,
1318 2965 1438 3017 quod
1470 2977 1621 3005 verum
1654 2977 1742 3005 non
1774 2970 1881 3004 erat.

455 3142 487 3189 ι)
514 3144 561 3178 cf.
589 3155 664 3179 vss.
693 3152 761 3188 754
787 3154 873 3188 sqq.
901 3147 941 3178 et
971 3152 1058 3187 1452
1085 3153 1174 3188 sqq.

451 3204 486 3245 2)
512 3203 630 3248 Soph.
657 3201 747 3238 E1.⁶
777 3204 864 3246 1893
891 3212 924 3237 a.
951 3201 973 3236 1.

453 3265 488 3307 3)
517 3262 662 3298 Vahlen
687 3261 834 3308 Opusc.
861 3261 982 3297 Acad.
1008 3261 1028 3296 1.
1057 3261 1078 3298 l.
