2392 3750
1132 309 1192 359 89

363 440 496 495 Apud
528 440 812 494 Aeschylum,
845 438 1128 493 Sophoclem,
1149 439 1406 492 Euripidem
1425 439 1669 480 iuramenta
1687 451 1799 492 quae
1816 436 2019 492 leguntur

303 520 540 568 postquam
581 514 875 566 percurrimus
921 512 1118 566 quidque
1150 510 1359 564 valerent,
1393 510 1720 564 perpendimus,
1755 508 2019 550 concludere

303 584 404 626 licet
435 584 621 626 multum
655 585 735 625 iuri
766 583 949 625 iurando
981 583 1126 633 tribui,
1160 595 1364 638 magnam
1397 582 1491 624 eius
1522 582 1565 622 in
1582 594 1736 622 eorum
1754 581 2019 632 scriptorum

303 654 460 698 fabulis
502 669 601 697 esse
642 656 964 697 auctoritatem.
1007 653 1219 707 Quamvis
1260 654 1372 695 male
1396 650 1426 708 ¹)
1460 653 1601 704 „fides
1632 652 1830 694 Graeca”
1864 657 2021 704 postea

302 728 486 778 audiret,
528 728 712 769 veritate
753 726 937 768 colenda
983 724 1279 767 Athenienses
1312 726 1470 767 ceteris
1503 724 1683 767 Graecis
1716 737 1764 765 se
1796 729 2020 776 praestare

302 798 599 854 gloriabantur
616 796 662 850 ²).
696 798 764 840 De
795 797 987 850 Theseo,
1011 795 1350 838 Atheniensium
1369 797 1503 838 heroe
1521 797 1557 837 si
1574 794 1719 837 Hirzel
1737 795 1830 836 iure
1847 807 1888 847 p.
1915 802 1992 846 125
2011 807 2018 834 τ

303 870 423 922 „Der
454 870 780 924 Hauptheros'’,
813 870 966 924 inquit,
1000 869 1108 920 „des
1135 867 1371 910 Attischen
1387 867 1564 910 Staates
1582 867 1783 909 Theseus
1801 866 2021 907 erscheint

303 955 382 983 vor
412 942 579 983 andern
611 942 690 983 mit
715 942 859 983 dieser
876 940 1065 996 Tugend
1079 937 1254 994 (πίστις)
1271 943 1562 996 ausgeriistet‚
1582 938 1787 981 wahrend
1805 937 2020 979 Herakles

302 1013 463 1067 gerade
494 1013 588 1055 hier
619 1013 698 1054 mit
729 1013 872 1054 einem
905 1011 1152 1053 hasslichen
1169 1011 1314 1052 Makel
1333 1011 1531 1053 behaftet
1558 1011 1642 1052 ist'’
1662 1008 1723 1066 ³);
1757 1016 1824 1051 et:
1846 1009 2021 1060 „Treue

302 1084 392 1125 und
439 1083 810 1140 Wahrhastigkeit
856 1084 1035 1125 wurden
1079 1083 1172 1124 hier
1205 1083 1329 1124 mehr
1362 1082 1424 1124 als
1467 1083 1697 1124 anderswo
1729 1077 2020 1137 gepflegt''¹¹)‚

302 1155 360 1196 nil
401 1156 559 1197 mirum
601 1161 756 1209 poetas
798 1156 1002 1211 tragicos,
1049 1155 1213 1209 quippe
1245 1155 1435 1209 quadam
1467 1169 1525 1197 ex
1557 1161 1682 1208 parte
1714 1153 1865 1207 populi
1896 1166 2022 1206 prae-

302 1233 506 1280 ceptores
524 1228 570 1278 ⁶),
603 1227 715 1268 hanc
748 1227 953 1268 virtutem
981 1227 1024 1268 in
1043 1226 1198 1268 fabulis
1216 1227 1306 1268 suis
1323 1240 1586 1280 proponere,
1606 1226 1711 1280 quin
1729 1232 1777 1268 ut
1794 1230 2020 1280 augeatur,

302 1310 484 1351 operam
514 1298 633 1340 dare.

362 1368 572 1411 Attamen
617 1370 749 1411 etiam
781 1369 983 1423 apparuit
1015 1369 1204 1412 Athenis
1236 1371 1340 1412 iuris
1373 1370 1542 1412 iurandi
1573 1370 1882 1412 auctoritatem
1915 1382 2018 1422 pau-

301 1440 423 1483 latim
466 1442 675 1483 minuere.
734 1441 895 1484 Nutrix
942 1440 1126 1484 Medeae
1172 1442 1392 1496 pauloque
1438 1449 1541 1496 post
1587 1442 1682 1495 ipsa
1728 1442 1837 1483 haec
1884 1438 2021 1480 πίστιν

302 1520 547 1567 queruntur
567 1512 602 1569 ⁸)
633 1527 722 1555 non
742 1514 941 1568 amplius
974 1527 1085 1564 esse,
1119 1515 1236 1555 idem
1269 1514 1493 1568 quodiam
1511 1513 1737 1568 Theognis
1755 1510 1790 1565 7)
1822 1512 2018 1554 dixerat:

302 1582 438 1637 ᾤχετο
488 1585 561 1635 μὲν
611 1583 767 1632 Πίστις,
813 1583 980 1635 μεγάλη
1027 1583 1119 1632 θεός
1168 1618 1356 1628 .....
1405 1582 1504 1637 ὅρκοι
1549 1583 1584 1626 δ’
1619 1582 1752 1626 οὐκέτι
1800 1582 1935 1624 πιστοὶ
1984 1583 2021 1623 ἐν

302 1654 548 1708 ἀνθρώποισι
580 1655 736 1699 δίκαιοι.

363 1729 507 1771 Etiam
542 1744 599 1771 ex
631 1730 796 1771 maiore
828 1743 908 1772 usu
942 1729 1226 1771 formularum
1258 1729 1362 1771 iuris
1394 1729 1563 1771 iurandi
1596 1730 1638 1770 in
1678 1729 1882 1782 precibus
1900 1742 2021 1770 usur-

302 1807 502 1855 patarum
546 1801 782 1855 multisque
824 1801 918 1852 illis,
962 1815 1076 1855 quae
1119 1814 1221 1842 vera
1263 1802 1507 1843 iuramenta
1547 1801 1751 1842 habenda
1781 1813 1870 1841 non
1902 1805 2020 1850 sunt,

302 1873 419 1915 idem
451 1873 744 1915 derivavimus
768 1870 812 1924 ⁸).

355 2048 387 2086 1)
414 2044 492 2080 Iam
520 2044 624 2090 apud
650 2044 877 2091 Euripidem
907 2044 989 2091 Iph.
1015 2044 1058 2080 T.
1091 2055 1198 2090 1205:
1226 2046 1343 2078 πιστὸν
1368 2045 1488 2081 Ἑλλὰς
1514 2042 1593 2077 οἶδεν
1618 2043 1720 2077 οῦδὲν.

349 2103 548 2150 Theognis
579 2114 666 2147 1137
694 2104 863 2148 (Anthol.
892 2104 1032 2151 Lyrica
1059 2104 1428 2141 Hiller—Crusius):
1456 2103 1479 2146 ᾤ
1492 2115 1615 2146 xero
1640 2105 1699 2145 μὲν
1725 2105 1865 2143 ntea-m
1890 2104 2018 2151 Polyb.

303 2162 364 2205 VI,
393 2166 447 2210 56,
479 2174 531 2207 13.
1818 2200 1822 2204 ,

350 2223 398 2259 cf.
439 2223 583 2259 Schom
600 2223 753 2270 —Lips.
783 2223 849 2260 Gr.
876 2223 1030 2260 Alterth
1047 2224 1060 2244 ⁴
1087 2225 1117 2259 11
1144 2235 1177 2270 p.
1212 2227 1302 2268 2823
1340 2224 1477 2260 Seeck.
1507 2224 1650 2261 Geseh.
1678 2224 1748 2260 des
1775 2224 2021 2271 Untergangs

302 2284 372 2319 der
399 2284 556 2319 antiken
579 2284 682 2319 Welt
706 2284 754 2319 111
780 2295 816 2330 p.
845 2294 887 2329 25
910 2286 1053 2328 (1909):
1078 2284 1430 2329 „Wahrheitsliebe
1445 2284 1608 2329 gehorte
1623 2285 1730 2320 nicht
1745 2295 1791 2319 zu
1805 2284 1879 2319 den
1896 2285 2020 2319 natio-

302 2343 415 2380 nalen
441 2343 656 2390 Tugenden
683 2344 753 2379 der
781 2344 1011 2380 Griechen.''
1032 2344 1087 2380 cf.
1100 2345 1244 2380 Platon.
1273 2345 1389 2391 Legg.
1408 2355 1442 2390 p.
1460 2354 1523 2388 701
1555 2345 1605 2386 B..
1633 2345 1699 2390 qui
1715 2344 1817 2380 idem
1833 2345 2019 2390 queritur.

351 2407 388 2446 2)
414 2403 463 2440 cf.
502 2403 611 2439 Dem.
653 2413 685 2439 c.
726 2403 914 2441 Aristocr.
957 2415 1042 2447 112;
1082 2404 1227 2440 Platon.
1269 2405 1388 2451 Legg.
1430 2415 1464 2450 p.
1493 2408 1561 2447 642
1589 2404 1629 2440 C.
1657 2403 1705 2440 cs.
1734 2403 1914 2448 Lasaubc,
1942 2403 2021 2438 Der

302 2462 376 2499 Eid
415 2474 451 2509 p.
481 2474 509 2498 1.

351 2521 387 2568 3)
414 2522 531 2569 Quod
571 2522 713 2558 deinde
752 2522 811 2558 1.Ι-
851 2523 1011 2570 legitur:
1055 2524 1176 2561 Πίστις
1216 2523 1389 2570 erlangte
1428 2524 1465 2559 in
1492 2523 1620 2559 Athen
1647 2523 1834 2570 gottliche
1861 2523 2019 2565 wurde,

303 2582 442 2618 sodass
468 2582 527 2617 ihr
553 2582 614 2618 ein
642 2582 882 2618 besonderer
908 2583 994 2619 Cult
1021 2584 1230 2630 gewidmet
1258 2584 1414 2619 werden
1441 2584 1587 2619 konnte
1614 2583 1678 2630 (cs.
1695 2584 1738 2619 A.
1754 2587 1789 2629 5)
1804 2594 1881 2619 non
1895 2583 2020 2619 solum

303 2642 479 2683 Athenis,
518 2643 635 2678 etiam
673 2643 777 2688 apud
817 2642 962 2678 Locres
991 2650 1166 2689 apparet,
1194 2644 1239 2679 cf.
1272 2643 1432 2689 Gruppe
1460 2654 1496 2679 o.
1523 2643 1543 2678 l.
1572 2655 1606 2689 p.
1639 2645 1726 2687 1083
1753 2643 1941 2689 locosque
1968 2643 2020 2678 ibi

302 2701 440 2737 allatos
479 2712 530 2737 ex
569 2702 603 2737 H
620 2702 728 2744 ead,
769 2702 942 2739 Historia
978 2715 1121 2739 numm.
1150 2703 1354 2739 Praeterea
1381 2703 1490 2739 locus
1517 2703 1745 2750 Diogeniani
1772 2703 1828 2745 (11,
1855 2705 1916 2746 80)
1942 2714 2019 2739 non

304 2761 400 2797 satis
438 2761 566 2797 valere
604 2762 757 2798 videtur
794 2763 843 2798 ad
882 2773 929 2798 ea
969 2763 1195 2807 derivanda,
1236 2774 1336 2809 quae
1367 2763 1495 2798 Hirzel
1521 2763 1706 2809 disputat,
1734 2763 1773 2798 id
1800 2763 1908 2809 quod
1935 2763 2019 2809 ipse

303 2820 526 2867 intellegere
554 2822 718 2867 videtur,
744 2822 890 2869 quippe
918 2823 983 2869 qui
1010 2833 1108 2858 voce
1137 2822 1433 2870 „Wenigstens”
1458 2823 1691 2859 sententiam
1720 2823 1891 2870 incipiat.

352 2880 388 2925 ⁴)
414 2880 462 2916 cs·
491 2891 515 2927 p
554 2890 610 2926 ³7.
636 2883 669 2917 6·

352 2940 388 2985 5)
414 2939 461 2976 cf.
489 2939 687 2987 Aristoph.
713 2941 808 2979 Ran.
839 2951 926 2987 1053
953 2941 1098 2988 (Dind.)
1124 2953 1210 2989 sqq.

353 3002 390 3042 6)
417 2999 463 3035 Cf.
491 2998 592 3036 Med.
621 3010 711 3044 ⁴39:
738 2999 863 3041 βίβακε
888 2999 918 3033 δ’
930 3000 1025 3042 ὅρκων
1050 3001 1158 3044 χάρις,
1182 2999 1250 3034 οὐδ’
1271 3000 1321 3034 ’ἆτ’
1349 3000 1445 3039 αἰδὼς
1471 3001 1607 3034 *Ελλάδι
1635 3005 1679 3045 τᾷ

733 3060 874 3101 μεγάλᾳ
897 3059 985 3102 μένει
1010 3059 1138 3102 αἰθερία
1163 3060 1344 3094 δ’ἀνίπτα.

615 3129 705 3163 ⁴92:
733 3119 827 3162 &pm
852 3118 887 3153 δὲ
911 3118 1034 3162 φρούδη
1059 3121 1171 3157 πίστις
1186 3144 1289 3160 .....

354 3179 388 3221 7)
414 3176 463 3213 cs.
489 3176 662 3225 Theogn.
693 3188 793 3223 1137.

354 3240 391 3279 8)
417 3236 465 3272 cs.
493 3247 528 3283 p.
558 3247 613 3283 53.
