2392 3750
1102 293 1158 336 97

330 411 539 455 Attamen
581 426 669 455 non
711 413 804 454 fieri
834 425 968 466 posse
999 412 1096 462 hoc,
1130 413 1167 454 si
1200 426 1269 454 res
1305 414 1417 455 inter
1449 426 1497 454 se
1530 426 1709 466 prorsus
1741 414 1984 455 contrariae

270 484 361 526 iure
402 485 584 527 iurando
625 484 910 535 affirmentur,
954 497 1086 525 nemo
1126 485 1304 540 negabit
1351 497 1495 537 neque
1528 486 1698 533 mirum,
1733 486 1909 537 quando
1942 486 1985 527 in

271 556 431 597 iudicio
474 555 660 598 Athenis
698 556 783 597 hoc
823 556 947 597 fieret
969 553 1020 608 ¹),
1063 555 1252 597 iudicem
1301 556 1433 597 etiam
1478 562 1579 609 post
1610 557 1711 597 data
1745 557 1986 599 iuramenta

269 627 595 679 inquisitionem
627 627 789 668 habere
820 627 876 668 de
907 627 996 668 vita
1028 627 1313 679 moribusque
1346 640 1512 678 eorum,
1552 628 1627 680 qui
1659 629 1919 669 iuravissent
1936 626 1983 680 2).

268 697 414 739 Hirzel
444 699 537 740 iure
567 712 611 751 p.
652 708 733 750 129
765 698 969 751 exponit:
1005 697 1100 748 „Da
1134 711 1181 738 es
1213 712 1267 739 an
1286 698 1627 740 unmittelbaren
1644 698 1985 740 Beweismitteln

270 769 417 819 fehlte,
451 770 617 812 konnte
649 770 720 812 die
753 770 1084 825 Entscheidung
1115 770 1193 811 der
1225 770 1404 812 Richter
1438 770 1530 812 sich
1564 784 1646 812 nur
1677 771 1878 826 grunden
1911 772 1989 813 auf

266 841 345 882 das
391 842 544 896 iibrige
592 841 744 882 Leben
791 841 882 883 und
926 841 1012 882 den
1054 840 1296 883 Charakter
1328 843 1407 883 der
1438 841 1817 883 Processirenden.
1852 842 1985 883 Nicht

266 911 344 953 der
391 911 476 953 Eid
493 909 529 967 ³)
567 912 795 954 entschied
835 912 1041 954 hiernach
1083 913 1171 954 und
1214 913 1459 968 begriindet
1502 914 1573 954 die
1606 911 1759 964 πίστις,
1792 914 1984 955 sondern

266 982 420 1025 Leben
468 985 556 1025 und
605 983 846 1026 Charakter
892 984 971 1025 der
1011 981 1384 1034 Schworenden,”
1431 985 1510 1026 sed
1553 985 1731 1026 minime
1764 985 1983 1039 intellego,

259 1068 343 1110 ‘cur
375 1054 483 1096 haec
515 1055 671 1096 afferat
702 1055 744 1096 in
779 1056 936 1108 capite,
971 1055 1041 1096 cui
1073 1054 1248 1096 titulus:
1298 1054 1736 1111 „Geringschatzung
1753 1057 1832 1098 des
1851 1056 1984 1097 Eides

266 1126 309 1167 in
340 1125 533 1177 Athen,''
566 1127 760 1179 quidque
792 1127 895 1168 iuris
929 1126 1099 1168 iurandi
1130 1127 1381 1168 auctoritati
1415 1127 1639 1179 inquisitio
1670 1128 1778 1169 haec
1811 1129 1983 1169 obtrec-

265 1204 392 1239 taret.
436 1198 633 1251 Uterque
675 1199 791 1240 enim
834 1198 935 1251 quia
978 1199 1163 1249 iurabat,
1209 1198 1393 1239 alterum
1431 1199 1628 1252 peierare
1661 1212 1845 1240 necesse
1876 1206 1982 1240 erat.

326 1269 470 1322 Ipsum
514 1270 598 1311 hoc
641 1271 836 1323 impedit,
868 1282 957 1323 quo
990 1270 1132 1310 minus
1167 1270 1258 1310 iure
1290 1269 1499 1311 afferatur
1531 1271 1754 1323 inquisitio
1786 1271 1894 1312 haec
1928 1272 1983 1313 ad

264 1341 670 1390 demonstrandum,
704 1341 773 1382 cui
804 1343 866 1382 rei
881 1353 1062 1395 operam
1078 1341 1153 1382 dat
1171 1337 1385 1396 Hirze14),
1422 1342 1652 1383 iuramenti
1674 1344 1983 1384 auctoritatem

318 1542 347 1577 ι)
371 1535 420 1571 cf.
448 1536 542 1571 Lex.
571 1535 728 1582 Seguer.
748 1546 837 1578 -242,
868 1543 931 1579 192
959 1533 1124 1575 δοξασταῖ
1148 1536 1260 1575 κριταί
1281 1535 1361 1567 εἶσιν
1388 1537 1421 1568 οἱ
1442 1534 1706 1579 διαγινώσκοντες
1723 1539 1850 1578 πότερος
1863 1536 1985 1579 εἷιορκεῒ

263 1599 327 1628 τῶν
358 1595 552 1637 κρινομένων,
585 1594 706 1628 κελεύει
739 1596 804 1637 γὰρ
829 1597 932 1627 Σόλων
958 1596 1013 1627 τὸν
1039 1593 1287 1636 ἐγκαλούμενον,
1314 1595 1444 1628 ἐπειδὰν
1471 1595 1559 1637 μήτε
1584 1598 1780 1638 συμβόλαια
1807 1598 1869 1640 ἔχῃ
1895 1596 1982 1638 μήτε

263 1655 429 1697 μάρτυρας
455 1654 588 1696 ὀμνύναι
614 1655 671 1688 καῖ
694 1657 750 1688 τὸν
774 1653 954 1688 εὐθύνοντα
979 1653 1012 1687 δὲ
1038 1656 1162 1696 δμόιως.

312 1723 348 1756 2)
387 1715 435 1751 cs.
477 1715 771 1751 Meier-Schom.
809 1716 888 1751 Att.
924 1715 982 1750 Pr.
1011 1726 1048 1761 p.
1075 1717 1165 1760 825;
1206 1716 1334 1751 Hirzel
1361 1727 1397 1753 o.
1426 1716 1447 1752 l.
1475 1727 1510 1762 p.
1542 1718 1629 1760 128;
1672 1717 1913 1763 Daremberg
1941 1723 1980 1753 et

264 1775 395 1821 Saglio
420 1786 455 1812 o.
482 1775 502 1810 1.
531 1786 595 1821 pp.
626 1778 702 1819 763,
731 1778 823 1820 764:
859 1775 909 1820 „11
934 1775 1016 1811 faut
1041 1785 1117 1820 que
1146 1775 1201 1811 les
1227 1776 1496 1822 temoignages
1523 1781 1562 1811 et
1590 1776 1645 1812 les
1673 1778 1806 1823 pieces
1833 1777 1982 1813 fassent

263 1834 507 1871 absolument
532 1834 665 1870 defaut
691 1846 790 1881 pour
815 1833 905 1881 qu’il
931 1846 955 1882 y
982 1836 1035 1870 ait
1061 1835 1137 1870 lieu
1162 1835 1211 1870 de
1238 1836 1412 1871 recourir
1426 1846 1474 1870 au
1488 1836 1696 1878 serment,''
1723 1841 1787 1871 et:
1812 1836 1981 1881 „c’estle

262 1900 435 1931 serment
458 1895 507 1930 de
534 1895 840 1937 Rhadamanffie,
867 1895 933 1941 qui
959 1894 1040 1930 finit
1071 1899 1156 1931 tout
1182 1895 1261 1930 vite
1288 1899 1327 1930 et
1355 1894 1478 1939 bien‚''
1507 1895 1556 1930 cf.
1584 1895 1728 1931 Platon.
1756 1895 1875 1942 Legg.
1898 1896 1981 1940 XII,

262 1965 298 2000 Ρ·
326 1956 406 1999 948,
434 1955 471 1990 B-

310 2015 346 2059 3)
375 2014 501 2050 Hirzel
529 2026 563 2061 p.
596 2025 661 2058 129
687 2020 798 2060 putat
822 2015 1080 2050 iurisiurandi
1096 2015 1208 2050 huius
1224 2015 1300 2050 vim
1315 2023 1427 2050 esse:
1454 2014 1658 2061 „lediglich
1685 2018 1764 2052 eine
1787 2016 1982 2061 subjective

269 2073 449 2120 Wirkung
472 2074 540 2109 auf
561 2074 632 2109 das
659 2073 802 2110 Gemiit
828 2074 898 2110 des
924 2073 1228 2118 Schworendem
1253 2074 1361 2109 nicht
1387 2074 1472 2109 eine
1497 2075 1695 2120 objektive
1711 2075 1899 2121 Wirkung
1914 2086 1981 2110 zur

263 2133 508 2179 Herstellung
546 2133 616 2168 der
654 2133 974 2180 Gerechtigkeit''
1013 2139 1053 2169 et
1091 2133 1244 2169 Solonis
1282 2134 1354 2169 hac
1381 2134 1417 2169 in
1445 2145 1486 2169 re
1513 2135 1736 2180 opinionem
1764 2145 1979 2181 congruere

261 2202 349 2228 cum
374 2192 593 2239 Sophoclis,
621 2193 731 2228 euius
757 2193 889 2228 laudat
914 2192 1174 2239 fragmentum
1201 2192 1324 2238 (4302

742 2252 831 2293 ὅρκου
856 2251 890 2285 δὲ
916 2251 1152 2294 προστεθέντος
1176 2253 1405 2295 Emptum-ripa

738 2312 836 2354 ψυχὴ
864 2311 1024 2350 mdes-if·
1050 2311 1149 2345 δισσὰ
1175 2314 1241 2355 ’γὰρ
1266 2312 1492 2355 φυλάσσεται,

739 2372 845 2413 Φίλων
870 2383 909 2404 τε
933 2370 1059 2413 μέμψιν
1085 2371 1147 2408 κείς
1174 2373 1266 2409 θεοὺς
1293 2372 1502 2413 ἁμωρτάνειν.

261 2431 431 2477 ideoque
465 2433 562 2467 haec
590 2432 806 2467 iuramenta
834 2432 1048 2467 instituisse
1076 2442 1175 2467 eum.

308 2490 392 2527 Non
419 2491 613 2538 intellego,
640 2502 718 2537 quo
746 2490 864 2526 modo
891 2491 1019 2526 Hirzel
1048 2502 1098 2526 ex
1124 2491 1233 2527 hisce
1259 2492 1389 2527 verbis
1414 2491 1645 2538 Sophocleis
1661 2493 1837 2528 derivare
1854 2494 1980 2540 possit

261 2550 319 2586 ius
356 2551 558 2586 iurandum
597 2550 824 2597 „lediglich”
863 2550 1032 2595 efficere,
1072 2557 1112 2586 ut
1151 2557 1289 2587 cautus
1327 2552 1377 2587 sit
1415 2553 1458 2597 is,
1486 2555 1550 2599 qui
1579 2553 1690 2597 iuret,
1717 2563 1793 2588 non
1821 2554 1906 2589 dari
1929 2554 1979 2589 ad

260 2610 541 2645 restituendam
569 2610 767 2647 iustitiam.
794 2609 955 2646 Prorsus
983 2611 1085 2646 enim
1113 2611 1215 2646 aliud
1241 2612 1426 2647 discimus
1453 2611 1551 2648 Oed.
1579 2612 1660 2648 Col.
1687 2615 1768 2656 644,
1796 2613 1860 2648 ubi
1875 2613 1978 2649 idem

260 2669 478 2715 Sophocles
514 2670 705 2706 Creonem
745 2669 904 2712 inducit,
945 2671 1026 2705 iure
1065 2671 1228 2706 iurando
1255 2671 1339 2706 solo
1366 2672 1627 2707 innocentiam
1655 2673 1979 2718 comprobantem

260 2729 399 2773 ubique
426 2734 465 2764 et
491 2729 643 2765 Iocaste
669 2735 708 2765 et
735 2729 887 2765 Chorus
915 2730 994 2777 regi
1021 2730 1211 2766 suadeant
1237 2736 1278 2766 ut
1306 2731 1352 2775 ei,
1379 2731 1524 2777 quippe
1552 2732 1680 2767 iurato
1694 2731 1807 2767 fidem
1824 2733 1977 2768 habeat.

262 2787 360 2823 Nihil
399 2788 502 2823 aliud
538 2788 755 2835 Sophocles
782 2789 902 2825 docet
925 2789 1143 2835 fragmento
1170 2789 1329 2825 laudato
1356 2801 1442 2825 mea
1469 2791 1664 2836 opinione.
1691 2796 1809 2837 atque
1836 2791 1979 2827 dicitur

261 2846 548 2883 Pseudo-Arist.
582 2847 695 2884 Rhet.
734 2849 783 2884 ad
822 2848 932 2886 Alex.
976 2852 1016 2884 18
1054 2860 1090 2895 p.
1135 2859 1234 2892 ¹43².
1274 2860 1307 2893 a,
1347 2859 1413 2893 33:
1451 2848 1547 2886 οὐδεὶς
1577 2849 1616 2883 ἂν
1641 2850 1792 2891 ἐπιορκεῖν
1818 2852 1978 2892 βόυλοιτο,

260 2904 464 2948 φοβούμενος
502 2906 559 2944 τὴν
596 2918 635 2939 τι
671 2909 760 2949 παρὰ
800 2911 864 2940 τῶν
901 2911 981 2940 θεῶν
1014 2909 1170 2949 τιμωρίαν
1205 2908 1262 2940 καῖ
1295 2908 1356 2946 τὴν
1390 2910 1479 2950 παρὰ
1510 2910 1577 2947 τοῖς
1602 2908 1779 2950 ἀνθρώποις
1803 2909 1978 2952 αἰσχύνην.

262 2966 435 3002 Alterum
463 2976 512 3001 ex
539 2966 662 3002 altero
688 2968 875 3013 sequitur.
903 2967 1091 3003 Iustitiam
1108 2969 1188 3003 iure
1205 2969 1367 3004 iurando
1382 2970 1545 3011 restitui,
1572 2970 1609 3004 in
1626 2970 1754 3005 verbis
1769 2970 1976 3016 Sophoclis

261 3036 361 3071 quae
400 3026 591 3067 dicuntur.
630 3026 786 3072 quidem
826 3038 901 3062 non
941 3028 1053 3071 inest,
1092 3028 1163 3063 sed
1198 3029 1353 3063 minime
1381 3029 1498 3063 etiam
1526 3029 1782 3072 contrarium3
1810 3030 1900 3073 quin
1927 3030 1976 3065 ad

261 3096 393 3121 verum
436 3084 725 3121 fundamentum
766 3087 1021 3122 iuramentum
1062 3088 1257 3133 pertinere
1298 3088 1390 3123 mihi
1426 3088 1605 3124 videntur
1632 3089 1749 3124 verba
1777 3094 1977 3135 postrema

262 3144 323 3181 κείς
348 3145 443 3183 θεοὺς
469 3143 671 3185 ἁμαρτάνων.

308 3204 345 3249 ⁴)
372 3205 420 3240 cf.
448 3214 512 3250 pp.
544 3215 619 3249 ¹27,
652 3215 726 3249 ¹30·
