2392 3750
1236 300 1292 342 82

468 431 614 474 Nihilo
661 431 804 472 minus
846 430 902 472 ad
943 429 1145 472 ultimum
1181 430 1441 486 confugiens
1473 430 1695 483 auxilium,
1729 430 1997 486 Hippolytus
2029 431 2122 474 iure

410 505 593 546 iurando
626 502 963 545 sollemnissimo
996 502 1184 544 affirmat
1218 502 1370 543 iniuria
1402 503 1514 555 patri
1546 516 1594 544 se
1626 509 1882 556 suspectum
1915 516 2036 545 esse:

647 575 711 615 νῦν
743 573 773 614 o‘’
793 571 929 624 ὅρκιόν,
963 574 1102 628 inquit
1124 570 1168 627 ¹),
1204 586 1264 614 σοι
1299 577 1406 621 Ζῆνα
1438 571 1506 614 καὶ
1541 571 1660 614 πέδον
1694 570 1844 625 χθονός

647 643 796 695 ὄμνυμι
828 647 902 685 τῶν
939 646 1014 685 σῶν
1046 642 1204 694 μήποθ’
1241 642 1441 695 ἅψασθαι
1475 642 1622 694 γάμων

647 715 740 766 μηδ’
775 714 825 757 ἄν
858 713 1035 763 θελῆσαι
1068 715 1160 766 μηδ’
1197 713 1248 757 ἄν
1281 714 1422 757 ἔννοιαν
1457 714 1614 765 λαβεῖν.

409 788 525 830 Satis
556 802 656 831 eum
689 789 773 830 hoc
806 790 1050 830 iuramento
1082 789 1378 830 innocentiam
1411 789 1668 841 probavisse
1694 802 1818 830 suam
1836 789 1996 830 chorus
2011 789 2124 831 arbi·

409 866 560 902 tratur.
589 859 802 911 ἀρκοῦσαν,
824 860 977 914 inquit,
995 855 1112 906 εἴποις
1129 857 1264 906 οιῖτίοις
1280 858 1556 911 ἀποστροφὴν,
1592 857 1774 911 ὅρκους
1810 857 2123 912 παρασχών,

408 929 542 971 πίστιν
573 931 616 972 οὐ
648 929 839 982 σμικρὰν,
875 928 1006 972 θεῶν
1039 945 1121 973 nec
1154 932 1248 985 ipse
1286 932 1453 973 iuvenis
1488 931 1713 987 intellegit,
1747 933 1822 986 qui
1854 932 1947 973 fieri
1969 931 2122 985 possit,

410 1010 457 1044 ut
505 1017 560 1044 ne
604 1004 897 1044 iuramentum
944 1004 1121 1057 quidem
1169 1004 1404 1045 mutaverit
1451 1010 1645 1045 mentem
1693 1004 1848 1058 patris:
1896 1003 1973 1046 Vs.
2013 1010 2120 1056 1055

409 1073 449 1114 οὐ
478 1073 512 1115 δ’
534 1071 656 1125 ὅρκον,
676 1081 816 1130 rogat,
835 1071 920 1114 οὐδὲ
937 1072 1069 1115 πίστιν
1086 1073 1173 1115 οὐδὲ
1189 1072 1369 1124 μάντεων
1392 1074 1542 1126 φήμας
1558 1072 1737 1124 ἐλέγξας
1755 1073 1912 1126 ἄκριτον
1931 1073 2125 1125 ἐκβαλεῖς

410 1161 464 1196 με
511 1150 610 1201 γῆς;
653 1147 732 1188 sed
775 1147 946 1188 frustra.
991 1146 1168 1188 Theseo
1210 1148 1328 1189 nullo
1372 1148 1507 1189 modo
1539 1148 1790 1201 persuadet.
1818 1147 2123 1196 Nihilominus,

410 1220 608 1272 quamvis
651 1218 871 1269 dubitans,
916 1219 959 1259 in
990 1218 1180 1260 tacendo
1212 1217 1481 1272 Hippolytus
1513 1232 1794 1272 perseverare
1827 1219 2057 1260 constituit
2073 1215 2126 1273 ²).

471 1290 646 1331 Diserte
679 1296 812 1342 poeta
844 1290 1052 1341 ostendit,
1086 1303 1218 1344 quam
1251 1291 1427 1332 difficile
1458 1290 1703 1344 Hippolyto
1735 1297 1854 1332 esset
1885 1290 1952 1332 ius
1983 1290 2125 1332 iuran-

410 1363 517 1404 dum
549 1374 737 1403 servare.
770 1361 1019 1415 Loquendo
1051 1362 1432 1416 iuramentumque
1463 1362 1669 1404 violando
1701 1375 1967 1416 quamquam
1985 1368 2126 1403 semet

411 1435 555 1487 ipsum
590 1434 778 1474 fortasse
811 1446 985 1474 servare
1019 1439 1181 1486 potest,
1214 1439 1346 1484 tacet,
1369 1434 1516 1486 potius
1533 1434 1699 1475 crimen
1716 1433 1873 1475 falsum
1890 1433 2125 1484 sustinens,

411 1507 515 1560 quin
554 1519 578 1546 e
626 1505 767 1558 patria
814 1504 973 1557 expelli
1018 1518 1043 1546 a
1090 1511 1214 1558 patre
1262 1519 1310 1546 se
1357 1506 1542 1558 patiens.
1590 1504 1690 1546 Non
1724 1505 1818 1546 sine
1850 1505 2126 1546 dubitatione

411 1577 615 1631 quidem3
649 1589 796 1631 pugna
828 1576 870 1616 in
902 1576 1049 1617 animo
1082 1577 1249 1616 iuvenis
1281 1576 1392 1616 inter
1425 1577 1711 1629 cupiditatem
1745 1577 1811 1618 sui
1845 1577 2048 1618 servandi
2080 1584 2125 1618 et

412 1648 606 1690 officium
655 1648 896 1689 servandae
938 1647 1042 1688 sidei
1083 1647 1375 1700 pulcherrime
1413 1648 1666 1703 depingitur
1707 1649 1870 1702 quique
1910 1655 2126 1702 spectant,

411 1720 607 1770 audiunt,
680 1733 768 1773 quo
841 1719 975 1761 modo
1048 1720 1188 1772 pietas
1260 1720 1592 1773 reverentiaque
1654 1720 1838 1762 deorum
1899 1720 2126 1762 victoriam

413 1797 622 1845 reportet.

472 1863 672 1905 Tandem
715 1862 909 1904 Artemis
953 1863 1047 1916 ipsa
1090 1862 1269 1904 Theseo
1300 1869 1461 1914 narrat,
1494 1864 1599 1917 quid
1630 1870 1732 1905 ante
1763 1863 2002 1905 adventum
2034 1864 2127 1905 eius

412 1935 621 1976 acciderit
669 1934 848 1989 regique
895 1934 1184 1985 demonstrat,
1231 1935 1298 1976 ius
1346 1935 1575 1976 iurandum
1622 1935 1781 1977 nutrici
1828 1935 1992 1987 datum,
2037 1948 2127 1989 quo

412 2007 677 2048 constrictus
722 2012 840 2047 esset
881 2005 1164 2059 Hippolytus,
1209 2020 1385 2047 causam
1419 2020 1518 2048 esse
1551 2007 1706 2048 mortis
1738 2008 1907 2048 iuvenis
1938 2007 2126 2056 honesti,

413 2079 537 2120 cuius
570 2078 862 2119 constantiam
899 2078 1074 2130 „piam”
1108 2083 1238 2118 vocat
1255 2075 1289 2131 ³)
1309 2074 1356 2131 ¹¹).

473 2148 569 2202 Iph.
606 2147 660 2200 A,
699 2158 749 2202 57
784 2162 916 2202 supra
948 2149 1151 2190 laudatus
1183 2150 1268 2190 iam
1301 2156 1382 2190 est.
1415 2149 1724 2206 Agamemnon
1741 2163 1902 2203 procos
1917 2149 2126 2201 Helenae,

414 2223 506 2264 iure
538 2222 721 2263 iurando
754 2220 857 2262 olim
891 2221 1169 2272 constrictos,
1203 2221 1451 2263 Menelaum
1482 2223 1607 2275 sequi
1624 2235 1739 2263 nunc
1757 2222 1878 2276 quod
1895 2228 2126 2278 coguntur,

413 2293 622 2347 queritur.

593 2361 614 2404 δ’
641 2362 683 2404 δὲ
715 2363 956 2417 (Menelaus
990 2367 1079 2415 sc.),
1114 2365 1267 2418 inquit,
1301 2361 1402 2405 καθ’
1435 2363 1606 2406 Ἑλλάδ’
1640 2363 1850 2415 οἰστρήσας
1882 2362 2013 2415 δρόμῳ

593 2432 728 2486 ὅρκους
758 2433 958 2480 ποιλοιιοὺς
990 2433 1199 2486 Τυνδάρεω
1231 2434 1481 2486 μαρτύρεται

593 2506 641 2554 ὡς
673 2505 757 2558 χρὴ
787 2503 956 2564 βοηθεῖν
988 2509 1109 2547 τοῖσιν
1142 2505 1400 2558 ἠδικημένοις,

415 2592 559 2633 neque
591 2579 811 2632 principes
845 2578 1004 2620 Graeci
1038 2592 1127 2619 non
1160 2580 1487 2632 obsequuntur3
1519 2576 1666 2629 ἕτοιμοι
1703 2577 1847 2626 δἐἷσὶ,
1878 2581 1935 2621 ab
1968 2580 2127 2621 eodem

415 2651 631 2701 audimus,
664 2647 793 2703 μωρίᾳ
825 2650 989 2703 φρενῶν,
1022 2651 1142 2704 quod
1174 2651 1353 2691 minime
1386 2664 1570 2693 necesse
1586 2651 1742 2692 habet:
1775 2650 1817 2691 οὐ
1835 2649 1916 2702 γὰρ
1932 2648 2127 2691 ἀσύνετον

469 2879 502 2918 ι)
530 2874 577 2909 cf.
605 2885 639 2910 ο.
667 2874 688 2910 l.
715 2886 770 2909 vs.
803 2877 902 2917 1036.

465 2937 501 2973 2)
526 2933 575 2969 cf.
602 2944 637 2970 o.
665 2934 686 2968 l.
713 2945 768 2969 vs.
800 2936 899 2969 1062.

466 2996 502 3036 3)
528 2993 576 3030 cf.
603 3005 638 3029 o.
665 2993 687 3029 l.
713 3005 768 3030 vs.
800 3003 888 3037 1307
916 3005 1025 3039 sqq.:
1065 2993 1084 3026 ὅ
1113 2992 1148 3026 δὲ
1172 3020 1202 3031 ..
1218 3021 1225 3029 .
1241 3021 1249 3029 .
1269 2991 1338 3026 οὔδ’
1372 2991 1415 3026 αὖ
1443 2994 1518 3034 πρὸς
1552 2993 1646 3026 σέθεν
1679 2992 1869 3036 κακούμενος
1893 2994 1986 3035 ὅρκων
2011 2993 2128 3036 ἀφεῖλε

416 3053 541 3093 πίστιν,
566 3051 752 3095 εὐσεβὴς
777 3052 895 3095 γεγώς.

466 3112 501 3158 4)
528 3113 661 3158 Neque
688 3114 944 3148 iuramentum
971 3113 1170 3148 Phaedrae
1199 3124 1254 3149 vs.
1281 3123 1350 3157 2¹9
1378 3113 1494 3159 Hipp.
1522 3113 1628 3159 quod
1651 3113 1801 3160 legitur,
1823 3123 1950 3159 neque
1965 3113 2127 3148 nutricis

418 3183 472 3207 vs.
499 3182 566 3216 307
594 3172 737 3215 datum,
763 3172 877 3208 ullam
905 3173 981 3208 vim
1009 3173 1165 3208 habent.
1193 3172 1289 3208 Sunt
1315 3172 1621 3208 exclamationes
1648 3173 1778 3219 potius
1792 3173 1995 3208 habendae
2010 3182 2127 3219 quam

418 3241 510 3267 vera
538 3232 763 3268 iuramenta.
