2392 3750
1185 336 1214 377 9

393 457 537 512 Saepe
583 472 683 500 cum
718 459 852 511 vocis,
902 471 1016 512 quae
1062 463 1130 499 est
1171 453 1288 508 ὅρκος,
1337 455 1605 498 Accusativo
1637 456 1928 510 coniungitur,
1962 468 2051 496 non

334 535 484 571 tamen
529 543 704 583 semper
750 544 787 572 e.
833 543 872 585 g.
922 530 967 571 11.
1014 529 1132 578 XIX,
1186 530 1280 582 187,
1323 529 1428 583 quin
1469 528 1575 570 mihi
1607 527 1780 568 videtur
1812 527 2054 581 antiquitus

335 601 549 642 vocabula
595 597 700 651 ὅρκον
732 608 776 643 et
807 599 958 651 ὄμνυμι
989 614 1078 642 non
1110 601 1245 642 fuisse
1277 601 1525 642 coniuncta.
1559 599 1874 641 Accusativum
1903 599 1946 639 in
1971 598 2054 639 hac

336 673 522 714 formula
552 669 657 723 ὅρκον
705 670 853 723 ὄμνυμι
880 673 1039 714 eodem
1068 673 1204 714 modo
1233 672 1546 725 explicandum
1577 684 1675 712 esse
1701 671 1889 712 arbitror
1919 676 2054 723 atque

334 740 441 783 νόσον
472 745 516 785 in
549 741 736 785 ἀσθενεῖν
770 742 889 795 νόσον,
923 744 1105 798 aliisque
1151 745 1350 785 eiusdem
1381 744 1567 799 generis.
1625 742 1707 784 Est
1754 741 2054 783 Accusati-

336 828 436 856 vus
467 816 720 858 verbalis
753 818 827 871 qui
853 817 1025 867 dicitur,
1063 816 1184 870 quod
1216 816 1333 857 idem
1366 814 1712 857 Kiihner·Gerth
1743 827 1784 855 o.
1803 813 1830 855 l.
1862 813 1879 854 Ι
1906 826 1949 866 p.
1969 821 2051 865 305

335 888 577 929 contendit.
610 888 732 930 Haec
764 894 919 930 natura
951 886 1205 929 Accusativi
1237 886 1377 928 multo
1410 886 1579 940 planius
1611 892 1795 940 apparet
1826 885 1869 926 in
1893 885 2056 926 formu-

335 957 407 1000 lis:
452 957 622 1010 ἐπίορκον
654 956 761 1010 ὅρκον
795 956 961 1008 ὀμνύναι
995 965 1039 1000 et
1070 957 1139 1000 τὸν
1170 955 1276 1010 ὅρκον
1311 958 1506 1009 ἐπιορκεῖν
1535 959 1590 1000 cf.
1628 958 1835 1002 Aeschin.
1868 957 1911 998 in
1939 956 2054 998 Tim.

335 1029 360 1084 ξ
413 1039 517 1084 115:
566 1030 744 1078 πολλοὺς
791 1028 924 1083 ὅρκους
975 1030 1220 1083 ἐπιωρκηκὼς
1267 1029 1455 1080 πόλεσινς
1503 1031 1632 1073 Dem.
1679 1044 1722 1084 p.
1762 1040 1886 1082 1203.
1934 1029 2055 1071 Idem

336 1102 530 1145 indicant
563 1104 809 1145 sententiae
842 1103 975 1154 velut,
1012 1100 1117 1154 ὅρκον
1151 1101 1320 1152 ὀμνύναι
1353 1100 1460 1154 κάρα
1492 1104 1549 1144 cf.
1582 1103 1686 1144 Eur.
1718 1101 1816 1144 Hel.
1851 1103 1950 1154 835.

397 1174 604 1217 Formula
635 1171 740 1226 ὅρκον
770 1172 934 1224 ὀμνύναι
965 1176 1163 1217 eiusdem
1184 1176 1314 1230 igitur
1330 1176 1503 1230 generis
1521 1181 1588 1216 est
1605 1173 1910 1228 atqueLatine
1942 1173 2057 1223 „ius

338 1246 639 1289 iurandum
681 1248 896 1299 iurare;
931 1248 1084 1288 subest
1120 1254 1267 1288 autem
1301 1247 1561 1301 significatio
1594 1246 1759 1299 prisca:
1795 1251 2056 1297 saeptum

337 1331 600 1374 pangere,
630 1320 803 1361 finem
831 1319 1098 1368 definire,
1126 1332 1392 1373 quamquam
1412 1318 1595 1360 dubium
1611 1324 1693 1369 est,
1713 1330 1857 1371 neque
1874 1316 2059 1358 demon-

336 1390 463 1431 strari
495 1397 658 1443 potest,
707 1403 899 1445 unquam
948 1392 1008 1432 ita
1049 1390 1158 1432 haec
1190 1390 1422 1431 formulam
1456 1403 1553 1431 esse
1586 1389 1838 1431 adhibitam.
1871 1387 2058 1441 Semper

337 1461 452 1502 enim
503 1462 571 1503 vel
602 1463 658 1504 ab
689 1462 1004 1517 antiquissimis
1037 1463 1326 1516 scriptoribus
1365 1463 1420 1503 de
1468 1462 1560 1503 iure
1592 1461 1776 1502 iurando
1807 1466 2058 1512 usurpatur.

397 1531 531 1585 Quod
590 1534 808 1590 Hirzel
872 1534 1060 1576 coniecit
1116 1530 1220 1584 ὅρκον
1278 1533 1382 1574 olim
1439 1533 1575 1574 fuisse
1631 1533 1766 1574 deum
1821 1531 2057 1583 infernum,

338 1605 527 1646 eundem
575 1606 763 1648 fortasse
800 1613 934 1660 atque
965 1606 1099 1647 deum
1146 1605 1368 1655 Latinum,
1402 1605 1472 1646 cui
1503 1617 1667 1646 nomen
1699 1602 1834 1656 Orco,
1865 1616 1952 1657 qua
2003 1603 2058 1644 de

338 1690 470 1718 causa
516 1674 626 1727 ὅρκον
668 1676 835 1727 ὀμνύναι
879 1678 947 1719 vel
980 1678 1127 1731 potius
1160 1675 1304 1729 Ὅρκον
1341 1675 1505 1726 ὀμνύναι
1548 1676 1724 1729 proprie
1756 1680 1875 1716 esset
1909 1674 2059 1726 „nicht

338 1748 505 1790 sowohl
541 1749 669 1791 einen
702 1749 786 1791 Eid
818 1750 1060 1801 schworen,
1093 1749 1156 1791 als
1185 1756 1313 1791 unter
1339 1748 1574 1804 Anrufung
1602 1748 1680 1789 des
1708 1744 1852 1798 ’Όρκος
1879 1744 2058 1787 Schwo-

337 1822 458 1872 ren”,
486 1822 762 1876 eandemque
784 1822 915 1878 igitur
942 1822 1125 1863 haberet
1148 1821 1513 1877 significationem
1545 1826 1680 1874 atque
1706 1816 1805 1868 Δία,
1832 1815 2060 1858 Ποσειδῶνα

339 1889 517 1944 ὀμνύναι,
566 1895 765 1947 quamvis
810 1895 1062 1935 acutissime
1104 1894 1216 1935 hanc
1249 1893 1503 1946 opinionem
1535 1892 1840 1933 demonstrare
1872 1896 2059 1932 conatus

338 1965 407 2015 sit,
441 1978 482 2006 o.
502 1965 527 2006 l.
563 1978 636 2018 pp.
679 1974 754 2018 153
791 1979 887 2020 sqq.
922 1966 1101 2007 minime
1135 1967 1372 2018 probatum
1405 1964 1511 2005 mihi
1542 1963 1728 2005 videtur.

398 2036 596 2088 Etiamsi,
645 2038 765 2092 quod
813 2038 980 2092 antiqui
1028 2038 1312 2079 coniecerunt
1360 2037 1493 2078 deum
1537 2034 1772 2086 Graecum,
1806 2033 1951 2086 ‘'Opxoc
1985 2034 2059 2088 qui

337 2108 509 2162 dicitur,
543 2109 760 2151 infernum
793 2123 891 2150 esse
919 2110 1110 2151 eundem
1142 2115 1275 2163 atque
1314 2107 1582 2159 „Orcum”
1616 2107 1838 2158 Latinum,
1860 2112 2059 2148 nontam

340 2179 521 2222 stultum
569 2181 639 2234 sit,
695 2187 743 2222 ut
791 2179 1030 2236 Peter¹)
1078 2181 1328 2227 arbitratur,
1377 2185 1526 2220 tamen
1568 2179 1688 2233 quod
1730 2177 1877 2219 Hirzel
1933 2183 2060 2231 putat

341 2253 474 2303 „dasz
521 2253 563 2294 in
621 2253 700 2294 der
756 2251 1097 2294 Schwurformel
1145 2249 1250 2303 ὅρκον
1298 2249 1461 2301 ὀμνύναι
1519 2249 1590 2292 εἰη
1637 2250 1746 2291 alter
1792 2249 1933 2291 Name
1981 2249 2060 2290 des

340 2323 640 2380 Todesgottes
687 2325 868 2375 haftete,
902 2325 980 2366 der
1012 2330 1138 2366 sonst
1169 2324 1309 2366 durch
1341 2323 1505 2364 andere
1538 2323 1774 2377 verdrangt
1806 2323 1938 2372 war”,
1970 2334 2059 2362 non

339 2395 481 2438 solum
530 2397 822 2438 demonstrari
870 2409 958 2438 non
1005 2402 1169 2449 potest,
1217 2409 1371 2437 verum
1419 2395 1551 2436 etiam
1599 2394 1704 2446 ipsis
1751 2394 1803 2435 iis
1835 2392 2058 2443 refellitur,

340 2481 454 2522 quae
489 2469 582 2521 ipse
615 2467 834 2510 Hirzel
866 2468 1025 2510 attulit.
1070 2467 1124 2509 O.
1160 2467 1186 2509 l.
1219 2468 1335 2508 enim
1368 2481 1408 2520 p.
1451 2476 1533 2519 170
1565 2466 1660 2519 ipse
1693 2465 1920 2507 concedit:
1970 2462 2060 2515 „So

339 2540 440 2581 weit
471 2540 550 2582 das
594 2539 725 2581 Licht
773 2540 850 2582 der
882 2539 1150 2582 Geschichte
1182 2539 1334 2589 reicht,
1386 2539 1529 2580 haben
1562 2538 1634 2579 die
1665 2536 1907 2578 Menschen
1940 2535 2060 2577 nicht

340 2612 457 2653 beim
490 2611 682 2662 Horkos‚
715 2611 778 2652 als
810 2612 911 2653 dem
945 2610 1056 2653 Gott
1088 2611 1167 2652 der
1199 2609 1442 2653 Unterwelt
1475 2609 1805 2664 geschworen'’.

401 2683 583 2725 Maximi
616 2683 720 2724 mihi
752 2683 924 2724 videtur
972 2696 1069 2725 esse
1117 2682 1330 2724 momenti
1363 2682 1418 2723 de
1457 2682 1543 2722 deo
1576 2681 1762 2731 inferno,
1795 2680 1866 2722 cui
1897 2692 2060 2721 nomen

342 2754 491 2805 Ὅρκος
521 2754 640 2796 nullo
673 2755 770 2796 loco
804 2768 901 2796 esse
933 2767 1197 2804 sermonem,
1232 2754 1314 2795 nisi
1347 2754 1420 2795 ubi
1453 2753 1508 2794 ad
1541 2753 1607 2793 ius
1639 2752 1870 2794 iurandum
1903 2751 1972 2792 vel
2005 2752 2060 2792 ad

342 2827 578 2880 periurium
610 2827 841 2879 pertineat.
876 2826 1111 2880 Nunquam
1146 2826 1202 2867 de
1235 2839 1288 2866 co
1322 2825 1560 2878 scriptores
1598 2822 1756 2865 Graeci
1790 2824 2060 2864 mentionem

342 2898 520 2949 faciunt,
554 2898 672 2940 velut
704 2898 759 2939 de
793 2897 911 2940 Orco
945 2898 1270 2950 Romanorum3
1304 2909 1392 2937 non
1426 2901 1494 2937 est
1525 2896 1634 2937 deus
1652 2894 1848 2936 infernus
1864 2895 2061 2937 eiusdem

397 3082 428 3127 ι)
455 3080 503 3117 cf.
544 3080 802 3118 Roscher.
841 3080 948 3116 Ausf.
976 3081 1072 3116 Lex.
1099 3081 1135 3116 d.
1164 3080 1230 3116 Gr.
1259 3091 1293 3115 u.
1323 3079 1432 3115 Rom.
1460 3078 1579 3125 Myth.
1606 3078 1628 3114 i.
1656 3090 1690 3113 v.
1716 3077 1853 3114 Orcus.
1881 3076 1953 3113 col.
1979 3085 2060 3121 945·

346 3141 404 3178 De
444 3141 613 3187 antiquis
652 3140 700 3175 cf.
740 3140 921 3186 Interpol.
949 3140 1091 3176 Serv.
1121 3140 1263 3186 Georg.
1297 3150 1324 3183 ι,
1353 3149 1440 3182 2773
1468 3138 1659 3185 Mythogr.
1686 3137 1811 3173 Vatic.
1840 3137 1881 3179 ΙΙ,
1914 3148 1974 3180 ιο;
2007 3148 2061 3178 ιο,

345 3205 378 3244 6,
421 3212 449 3236 ι.
489 3201 595 3236 Idem
633 3200 920 3236 contenderunt
958 3200 983 3236 S
1000 3200 1232 3246 caliget,
1265 3199 1373 3235 Coni.
1400 3199 1437 3234 in
1464 3198 1572 3233 Varr.
1602 3197 1652 3233 1V
1678 3208 1714 3244 p.
1741 3207 1785 3241 ⁴9
1812 3197 1892 3243 Bip.
1919 3202 1958 3232 et
1984 3207 2061 3231 non

344 3260 473 3297 multis
500 3265 589 3296 ante
615 3260 725 3295 annis
751 3259 1046 3305 Zielinski,
1076 3258 1208 3295 Philol.
1238 3269 1293 3304 55,
1323 3270 1359 3304 p.
1388 3267 1467 3304 509,
1500 3261 1550 3293 16.
1577 3257 1626 3293 cs.
1654 3257 1784 3292 Hirzel
1811 3268 1847 3303 p.
1879 3266 1954 3303 ¹53,
1982 3267 2012 3292 2.
