2392 3750
1180 310 1232 356 52

350 436 505 479 mulae.
568 435 667 490 Ipsa
702 437 766 478 vis
797 434 1027 477 iuramenti
1073 447 1162 475 non
1207 433 1393 487 amplius
1421 432 1755 488 intellegebatur
1785 445 1867 474 nec
1899 432 2058 474 mirum

346 509 478 564 igitur
519 509 640 562 parvi
669 507 770 550 talia
801 508 1044 549 iuramenta
1071 506 1253 548 duxisse
1301 506 1416 547 viros
1461 504 1657 548 Graecos
1688 517 1770 546 nec
1804 503 2061 557 saepissime

348 594 528 634 prorsus
562 594 650 621 non
683 579 947 634 neglexisse.
1011 577 1164 630 Itaque
1190 590 1326 631 parvo
1360 591 1509 619 earum
1541 578 1584 618 in
1612 577 1844 632 'tragoedia
1875 588 2060 617 numero

348 653 434 694 iam
471 652 751 705 perspicuum
780 657 848 692 est
880 650 1070 704 tragicos
1103 648 1277 703 plurimi
1311 649 1568 690 aestimasse
1600 649 1667 690 ius
1699 648 1930 689 iurandum
1948 647 2061 688 eius·

348 736 434 777 que
466 737 613 765 veram
645 729 845 764 naturam
878 722 1172 774 perspexisse.

408 795 454 836 In
482 795 602 836 hisce
635 794 832 836 formulis
864 806 1016 835 verum
1049 799 1129 844 est,
1172 793 1292 846 quod
1335 792 1376 833 H
1395 793 1406 833 i
1426 791 1553 833 rzel
1585 806 1628 846 p.
1663 803 1745 833 20:
1777 791 1876 842 „die
1896 791 2063 832 diesem

348 868 467 920 aber,
500 867 652 919 inquit,
703 867 761 907 im
807 865 1050 906 Menschen
1096 865 1400 906 antwortende
1447 863 1748 918 Empfindung
1794 863 1850 904 ist
1882 863 1953 904 die
1986 862 2064 904 der

352 938 588 980 Ehrfurcht
620 938 709 979 und
742 938 862 978 einer
893 937 1106 992 gewissen
1138 935 1286 979 Scheu
1318 937 1445 989 sqq.”
1479 936 1651 988 Fidem,
1680 947 1812 988 quam
1829 941 1920 975 tam
1938 933 2063 975 valde

349 1010 690 1060 affirmaverunt,
724 1022 813 1050 non
845 1022 1020 1050 servare
1053 1008 1289 1061 plerosque
1334 1008 1536 1050 homines
1578 1008 1761 1061 pudebit
1794 1006 1986 1059 quidem,
2020 1005 2064 1046 in

349 1081 440 1123 iure
488 1081 672 1122 iurando
720 1086 868 1122 autern
915 1093 1004 1120 non
1051 1080 1207 1132 pudor,
1251 1079 1351 1121 licet
1399 1080 1434 1122 is
1483 1091 1661 1132 quoque
1693 1078 1848 1130 valeat,
1882 1078 1963 1119 sed
1994 1076 2066 1120 dei

349 1153 612 1194 verecundia
644 1159 727 1206 est,
760 1158 904 1193 metus
951 1164 1122 1205 poenae
1155 1152 1352 1205 deorum,
1401 1152 1476 1204 qui
1522 1150 1660 1192 multo
1693 1151 1904 1191 maiorem
1936 1148 2066 1190 affert

348 1225 671 1274 auctoritatem,
705 1224 825 1276 quod
851 1224 978 1264 Rhet.
1009 1224 1078 1264 ad.
1112 1222 1239 1265 Alex.
1274 1222 1344 1264 1.l.
1373 1223 1433 1264 ita
1450 1223 1636 1264 dicitur:
1669 1219 1794 1267 οὐδεὶς
1810 1218 1859 1261 ἄν
1877 1219 2065 1271 ἐπιορκεῖν

350 1293 551 1345 βούλοιτο,
597 1293 849 1346 Φοβούμενος
897 1293 967 1342 τὴν
1002 1310 1047 1336 τε
1077 1292 1189 1346 παρὰ
1236 1297 1313 1335 τῶν
1354 1292 1454 1335 θεῶν
1491 1292 1685 1345 τιμωρίαν
1717 1292 1784 1334 καὶ
1832 1291 1905 1340 τὴν
1951 1290 2066 1343 παρὰ

349 1370 429 1414 τοῖς
472 1365 697 1419 ἀνθρώποις
751 1365 947 1419 αἰσχύνην
990 1365 1060 1408 καὶ
1109 1364 1289 1415 διεξιέναι
1338 1364 1395 1408 ὅτι
1428 1364 1521 1414 τούς
1553 1365 1626 1416 μὲν
1654 1363 1888 1418 ἀνθρώπους
1921 1362 2065 1406 λαθεῖν

350 1437 450 1487 ἔστι,
483 1439 576 1486 τὸυς
608 1438 650 1480 δὲ
681 1435 799 1486 θεούς
831 1438 899 1480 οὐκ
932 1437 1037 1480 ἔστιν
1070 1439 1115 1492 1).

409 1511 768 1554 Consentaneum
800 1517 868 1553 est
898 1525 999 1553 eum
1032 1511 1174 1552 solum
1205 1512 1317 1552 hanc
1347 1511 1531 1553 deorum
1560 1510 1870 1552 verecundiam
1889 1509 2065 1560 habere,

350 1596 540 1637 eumque
583 1583 725 1625 solum
767 1597 869 1624 vere
901 1585 1042 1625 iurare
1076 1596 1224 1636 posse,
1260 1583 1335 1636 qui
1367 1583 1476 1624 deos
1509 1589 1712 1624 vereatur
1743 1588 1788 1623 et
1819 1587 2066 1623 veneretur.

350 1655 630 1711 Intellegitur,
673 1656 851 1707 quando
896 1656 1038 1696 minor
1069 1655 1151 1696 diis
1184 1655 1293 1696 fides
1326 1655 1524 1708 habetur,
1557 1654 1663 1707 quin
1695 1653 1820 1694 multi
1851 1653 1927 1694 vix
1958 1653 2067 1694 deos

350 1740 448 1769 esse
480 1727 677 1778 credunt,
711 1727 777 1768 ius
811 1727 1041 1768 iurandum
1074 1726 1167 1767 fieri
1199 1727 1386 1767 formam
1419 1725 1607 1776 inanem,
1641 1738 1728 1779 qua
1757 1725 1959 1766 homines
1986 1737 2066 1778 pro

351 1811 510 1853 magna
555 1798 847 1840 affirmatione
890 1811 987 1840 eam
1035 1798 1173 1839 solam
1219 1800 1278 1840 ob
1325 1811 1502 1839 eausam
1542 1798 1606 1839 uti
1641 1803 1844 1852 pergunt,
1876 1797 1978 1850 quia
2008 1796 2068 1837 ita

350 1871 495 1913 facere
523 1870 697 1924 publice
728 1871 980 1924 imperatur,
1014 1877 1090 1912 aut
1122 1871 1224 1923 quia
1255 1867 1448 1919 ἀσεβείας
1480 1867 1643 1920 γράφην
1662 1875 1865 1911 metuunt
1882 1867 1931 1923 ²).
1963 1867 2067 1909 Vim

350 1949 498 1984 autem
541 1944 763 1996 propriam
795 1943 941 1983 amisit
972 1956 1055 1984 nec
1087 1943 1244 1984 mirum
1277 1942 1415 1984 multo
1447 1942 1594 1996 plures
1631 1941 1828 1983 adhiberi
1859 1938 2067 1982 formulas

351 2015 494 2056 minus
525 2021 700 2056 sanctas
727 2021 956 2068 testesque
987 2026 1266 2067 quacumque
1297 2015 1354 2056 de
1385 2028 1518 2055 causa
1543 2014 1737 2055 invocari
1752 2013 1938 2054 deorum
1953 2011 2066 2062 loco,

351 2086 420 2127 vel
463 2087 664 2128 homines
713 2086 781 2127 vel
830 2100 898 2127 res
943 2087 1361 2138 exsecrationesque
1407 2092 1510 2127 ante
1558 2086 1638 2127 iuri
1669 2085 1851 2126 iurando
1882 2084 2067 2134 additas,

352 2158 468 2199 solas
516 2158 729 2212 usurpari,
777 2159 871 2211 ipsa
921 2158 1104 2213 pignora
1151 2158 1357 2211 invocari,
1405 2170 1520 2210 quae
1566 2157 1713 2198 omnia
1754 2156 1857 2198 iuris
1899 2154 2068 2197 iurandi

353 2230 690 2282 depravationes
718 2236 820 2270 sunt
846 2230 1079 2283 putandae.
1114 2229 1408 2271 Sollemnibus
1441 2236 1588 2271 autem
1621 2229 1909 2282 temporibus,
1931 2239 2067 2279 quan-

353 2301 500 2354 doque
541 2302 606 2343 ius
634 2302 863 2343 iurandum
897 2302 1060 2342 servari
1082 2302 1316 2355 plurimum
1334 2303 1556 2353 intererat,
1574 2303 1736 2343 iustum
1753 2301 1819 2342 ius
1837 2300 2068 2341 iurandum

351 2372 574 2414 imabatur
604 2386 683 2426 per
715 2373 838 2414 deos.

413 2442 740 2497 Comprendam
773 2444 924 2486 brevi:
960 2443 1224 2486 Ostendisse
1256 2446 1430 2487 videor:

419 2513 472 2557 1⁰.
506 2515 704 2557 Plurimis
736 2516 1016 2570 antiquorum
1048 2516 1155 2558 locis
1187 2518 1253 2559 ius
1286 2518 1515 2559 iurandum
1559 2518 1615 2558 ad
1647 2518 1755 2558 deos
1787 2517 2020 2569 pertinere.

416 2588 474 2628 2⁰.
507 2587 718 2643 Tragicos
750 2595 906 2641 poetas
937 2588 1019 2629 hac
1051 2590 1094 2629 in
1121 2602 1167 2630 re
1198 2603 1224 2629 a
1256 2589 1414 2631 ceteris
1441 2590 1729 2642 scriptoribus
1759 2588 1951 2640 antiquis
1978 2601 2067 2629 non

354 2659 604 2710 abhorrere,
637 2660 923 2713 omniumque
956 2660 1086 2714 igitur
1117 2673 1335 2702 consensu
1357 2661 1670 2702 iusiurandum
1698 2660 2068 2701 contestationem

354 2742 452 2771 esse
485 2731 569 2771 dei.

417 2798 474 2853 3⁰.
509 2801 557 2843 Id
588 2803 709 2855 quod
757 2802 903 2844 Hirz
921 2803 974 2844 el
1024 2804 1328 2845 demonstrare
1360 2809 1557 2855 conatur,
1591 2803 1663 2844 dei
1692 2816 1754 2845 sc.
1782 2801 2068 2845 contestatio-

408 3047 440 3094 1)
467 3049 516 3084 cf.
541 3049 876 3087 Pseudo—Aristot.
899 3051 1060 3087 Rhetor.
1088 3052 1137 3087 ad
1163 3052 1273 3087 Alex.
1300 3063 1336 3098 p.
1369 3061 1467 3097 ¹432,
1495 3062 1550 3096 33.

406 3109 440 3154 2)
479 3109 527 3146 cf.
566 3109 721 3147 Schom.
760 3111 866 3156 Lips.
906 3123 940 3146 o.
969 3112 991 3147 l.
1031 3112 1063 3146 11
1089 3123 1125 3158 p.
1158 3115 1222 3148 166
1248 3117 1288 3147 et
1313 3112 1351 3147 P.
1379 3113 1438 3151 W.
1464 3113 1487 3147 i.
1514 3124 1548 3147 v.
1575 3112 1725 3154 ἀσεβείας
1749 3112 1872 3156 γραφή.
1911 3113 2067 3160 Tragici

357 3173 498 3213 poetae
535 3170 825 3214 quodammodo
858 3172 1108 3217 magistratus
1146 3182 1234 3207 cum
1269 3177 1412 3217 essent,
1440 3173 1547 3208 hisce
1574 3174 1613 3208 in
1639 3175 1755 3210 rebus
1780 3185 1938 3220 quoque
1964 3174 2068 3210 cauti

357 3238 445 3263 esse
474 3228 681 3274 debebant,
708 3230 854 3276 quippe
882 3231 948 3276 qui
974 3231 1157 3277 populum
1183 3232 1221 3267 in
1247 3242 1391 3268 scaena
1416 3232 1615 3270 docerent.

2368 1732 2392 1764 »ε’

2373 1778 2392 1924 Ξ

2377 2002 2392 2020 ‚2³
