2392 3750
1101 354 1149 396 31

262 477 407 532 laique
439 477 632 518 instante
659 474 827 531 aliquot
858 475 970 528 pilos
1002 474 1058 516 de
1089 474 1307 527 capitibus
1325 474 1525 526 arietum,
1544 486 1656 528 quos
1674 472 1979 514 immolaturus

264 556 371 600 erat,
418 549 671 591 desecuisse
713 547 911 598 traditur,
959 559 1071 601 quos
1114 543 1255 586 ἔπειτα
1302 543 1463 596 κήρυκες
1510 541 1655 595 Τρώων
1686 541 1754 584 καὶ
1787 541 1979 596 ’Λχαίων

266 621 419 669 ’νειμαν
464 617 649 670 ἀρίστοις.
711 617 799 671 Qui
830 618 942 672 pilos
989 625 1234 669 acceperat,
1283 618 1505 670 particeps
1554 622 1648 658 erat
1690 612 1890 658 sacrificii
1917 613 1977 671 ¹):

263 696 387 732 erant
413 691 454 731 ei
481 689 635 743 capilli,
667 690 789 743 quod
820 689 932 731 Eus
949 688 1170 729 thatius
1202 688 1301 729 huic
1336 689 1479 729 versui
1496 688 1744 741 adscripsit,
1772 685 1978 736 σύμβολον

261 762 331 802 τοῦ
352 759 408 808 εἷς
440 761 628 813 κεφαλὴν
659 756 950 812 τραπήσεσθαι
982 757 1038 799 τὰ
1064 758 1174 799 κακοὶ
1193 763 1274 805 τοῖς
1292 758 1574 812 ἐπιορκήσουσι.
1607 759 1722 800 Pilos
1749 772 1979 812 capessere

262 834 354 875 fere
387 834 504 874 idern
537 834 666 888 igitur
698 830 973 888 significabat
1004 838 1138 885 atque
1172 833 1215 872 in
1247 831 1446 873 victimas
1479 831 1681 872 insistere
1712 837 1788 872 aut
1805 831 1979 885 sangui-

262 917 364 946 nem
397 917 527 946 manu
562 905 744 960 tingere.

322 975 412 1017 Iam
428 976 675 1018 distinctior
690 974 735 1016 11.
751 985 836 1025 299
853 975 1227 1016 caeremoniarum
1246 974 1399 1015 harum
1417 974 1465 1016 fit
1485 974 1758 1029 significatio.
1776 972 1818 1015 A
1830 987 1850 1014 r
1861 987 1889 1029 g
1901 974 1914 1014 i
1926 974 1979 1014 vi

262 1054 307 1088 et
339 1046 520 1088 Troes
553 1048 702 1089 vinum
733 1047 968 1088 fundentes
1000 1042 1223 1096 ὅποι-ἅτεροι,
1269 1046 1482 1099 inquiunt,
1526 1042 1704 1096 πρότεροι
1737 1043 1836 1095 ὑπὲρ
1868 1041 1979 1095 ὅρκια

262 1116 485 1167 πημήνειαν
516 1113 587 1158 ὧδὲ
618 1119 695 1171 σφ’
731 1115 967 1168 ἐγκέφαλος
1001 1114 1193 1168 χαμάδις
1227 1115 1303 1168 ῥεοί
1332 1116 1380 1163 ὥς
1415 1113 1479 1158 ὅδε
1511 1111 1610 1163 οἶνος
1643 1130 1739 1171 sqq.

323 1190 635 1244 Liquidissima
665 1197 812 1232 autem
847 1196 948 1231 sunt
983 1191 1116 1231 verba
1167 1189 1470 1240 Molottorum‚
1514 1202 1628 1243 quae
1659 1187 1702 1229 H
1720 1202 1744 1229 e
1762 1203 1781 1229 r
1799 1202 1842 1230 m
1859 1202 1885 1230 a
1902 1202 1931 1230 n
1949 1202 1976 1229 n

261 1261 389 1303 affert
422 1259 484 1316 ²):
519 1259 553 1301 οἱ
585 1258 668 1312 γὰρ
707 1259 928 1308 Μολοττοὶ,
961 1258 1126 1301 ἐπειδὰν
1155 1258 1268 1311 ὅρκια
1298 1261 1487 1301 ποιῶνται
1505 1257 1601 1310 βοῦς
1619 1258 1980 1310 παραστησάμενοι

261 1330 331 1372 καὶ
377 1329 569 1379 κώθωνας
619 1330 714 1373 οἴνου
763 1331 926 1384 πλήρεις
983 1331 1049 1373 τὸν
1107 1331 1181 1382 μὲν
1230 1330 1326 1382 βοῦν
1370 1330 1700 1378 κατακόπτοντες
1746 1331 1798 1377 εἰς
1844 1330 1979 1382 μικροὶ,

261 1402 488 1455 ε’παρῶνται
536 1408 615 1450 τοῖς
659 1401 1011 1455 παραβησομένοις
1058 1400 1177 1450 οὕτως
1229 1407 1523 1451 κατακοπῆναι.
1570 1401 1662 1449 τὸυς
1710 1401 1753 1443 δὲ
1784 1400 1980 1450 κώθωνας

263 1473 479 1527 ἐκχέοντες
510 1473 630 1522 οὕτως
660 1472 888 1527 ἐκχυθῆναι
918 1474 962 1516 τὸ
995 1470 1102 1525 αἷμα
1138 1475 1216 1515 τῶν
1247 1472 1607 1526 παραβησομένων,
1635 1472 1683 1531 ³).

322 1547 497 1589 Praeter
529 1548 674 1589 locum
708 1561 841 1601 supra
873 1547 1098 1589 laudatum
1131 1547 1271 1588 tribus
1303 1553 1475 1589 tantum
1507 1546 1615 1589 locis
1646 1547 1765 1600 apud
1789 1547 1980 1603 tragicos

265 1626 423 1672 poetas
455 1619 521 1661 ius
554 1620 784 1661 iurandum
817 1619 1034 1660 invenitur
1067 1631 1168 1660 cum
1200 1619 1335 1660 sacris
1368 1620 1666 1661 coniunctum.
1699 1632 1760 1660 sc.
1783 1632 1790 1659 :
1814 1618 1978 1661 Phoen.

270 1700 382 1741 1240
427 1691 501 1732 ubi
535 1691 742 1732 libatione
775 1690 1044 1732 sacrificatur
1063 1687 1114 1746 4),
1148 1689 1340 1731 Hiket.
1379 1691 1504 1741 1196,
1537 1704 1626 1744 quo
1658 1690 1756 1732 loco
1784 1690 1981 1732 Minerva

263 1775 455 1816 pugnam
499 1762 709 1803 dirimens
742 1761 954 1803 sollemne
1001 1763 1067 1803 ius
1100 1762 1332 1803 iurandum
1365 1762 1565 1815 imperat.
1615 1761 1855 1816 Postquam
1886 1775 1979 1803 mo-

263 1834 371 1884 nuit,
405 1846 494 1887 quo
526 1834 661 1875 modo
694 1834 750 1874 sit
782 1834 1012 1875 iurandum
1045 1847 1106 1875 vs.
1147 1834 1258 1885 1196
1290 1834 1350 1875 ita
1381 1834 1552 1890 pergit:

538 1904 579 1945 ἑν
613 1899 640 1957 ᾧ
673 1903 714 1945 δὲ
744 1903 901 1955 τέμνειν
933 1903 1102 1956 σφάγια
1134 1904 1215 1957 χρὴ
1248 1902 1412 1946 σ’ἄκουέ
1443 1918 1532 1954 μου.

324 1989 483 2030 Hostia
514 1989 644 2043 igitur
677 1996 868 2030 mactata
899 1989 965 2030 ius
998 1989 1228 2031 iurandum
1261 1996 1327 2030 est
1361 1988 1681 2030 confirmatum.
1746 1988 1866 2030 Idem
1884 2003 1979 2030 nar-

266 2067 416 2102 rantur
448 2060 536 2113 Iph.
571 2060 627 2102 A.
663 2061 716 2113 58
748 2060 871 2113 proci
903 2059 1099 2102 Helenae
1133 2061 1302 2103 fecisse.
1324 2058 1361 2117 ⁵)

264 2246 344 2287 446,
382 2244 482 2279 XIV.
523 2246 608 2287 422)
646 2244 694 2279 cs.
734 2244 782 2279 de
823 2244 951 2280 animo
991 2245 1028 2279 in
1065 2243 1214 2290 capillis
1253 2244 1416 2280 sedente
1455 2250 1660 2291 praeterea
1699 2244 1859 2291 Gruppe
1895 2256 1930 2281 o.
1958 2245 1980 2280 l.

264 2314 328 2350 pp.
361 2305 435 2347 ¹87,
463 2305 530 2339 882
545 2304 607 2339 2³³,
635 2303 711 2350 Qui
740 2303 902 2350 capillos
927 2302 1239 2348 sacrificavisset,
1266 2314 1308 2339 se
1336 2304 1463 2350 ipsum
1484 2304 1648 2340 dederat
1662 2304 1738 2340 deo
1753 2304 1802 2340 cf.
1820 2304 1980 2350 Gruppe

264 2364 335 2399 o.l.
363 2375 426 2410 pp.
459 2375 522 2408 ¹92
551 2364 593 2398 Α.
625 2375 665 2408 ι;
700 2374 791 2407 4²23
827 2373 907 2407 499,
936 2363 968 2398 A
994 2365 1038 2407 ⁶5
1067 2373 1145 2408 597,
1172 2365 1220 2406 6;
1247 2374 1326 2407 702,
1355 2375 1398 2410 33
1425 2374 1493 2407 9¹3
1521 2364 1608 2408 (Die
1636 2364 1868 2400 Haarweihe
1895 2375 1980 2399 ver-

263 2423 347 2459 tritt
385 2424 471 2459 eine
509 2422 841 2470 Selbstopferung.
881 2423 935 2458 Im
975 2423 1079 2458 Haar
1111 2429 1327 2459 vermutete
1356 2434 1443 2459 man
1470 2424 1540 2459 das
1569 2423 1741 2470 Leben):
1768 2427 1848 2467 916,
1876 2424 1909 2460 Α
1935 2434 1980 2468 5;

264 2493 357 2527 97ι;
388 2493 500 2528 ¹0703
531 2493 629 2527 ¹27¹-

318 2547 348 2583 ι)
386 2541 435 2577 cf.
473 2542 739 2588 Schom·Lips.
780 2542 822 2577 11.
861 2554 886 2588 p
934 2544 1025 2583 246:
1064 2542 1127 2577 Bei
1167 2543 1320 2589 einigen
1358 2542 1519 2589 Opfern,
1546 2544 1781 2579 namentlich
1807 2543 1980 2588 solchen,

265 2601 328 2637 die
378 2612 442 2637 zur
492 2601 684 2647 Weihung
734 2602 869 2649 irgend
908 2602 1015 2637 einer
1054 2602 1466 2647 gemeinschaftlichen
1505 2602 1799 2649 Verpflichtung
1840 2602 1980 2637 dienen

265 2660 413 2702 senten,
430 2660 577 2696 faszten
592 2661 835 2697 sammtliche
855 2661 1130 2697 Theilnehmer
1145 2661 1214 2696 das
1230 2661 1457 2707 Opferthier
1472 2673 1529 2697 an.
1545 2662 1743 2707 (Aeschin.
1757 2673 1900 2703 παραπρ-
1919 2661 1980 2708 84)

315 2721 350 2766 2)
376 2720 425 2756 cf.
455 2721 682 2766 Diogenian.
710 2719 818 2757 Prov.
846 2722 904 2756 111.
932 2724 978 2757 60
1004 2721 1116 2764 (Cod.
1144 2721 1284 2765 Coisl.).

315 2783 351 2823 3)
389 2780 635 2816 conserenda
667 2787 727 2816 est
765 2781 1010 2817 consuetudo
1045 2781 1318 2821 Romanorum.
1361 2782 1427 2828 qui
1465 2781 1632 2827 lapidem
1661 2787 1981 2818 manutenentes

267 2839 393 2875 iurare
432 2839 609 2876 solebant
647 2851 717 2886 per
753 2840 895 2876 Iovem.
935 2841 1124 2887 Lapidem
1165 2842 1403 2886 proicientes
1430 2841 1687 2887 loquebantur
1714 2842 1811 2877 haec
1838 2842 1980 2877 verba:

267 2899 307 2934 Si
344 2899 473 2934 sciens
512 2898 612 2942 sallo,
651 2905 731 2935 tum
770 2910 830 2935 me
870 2899 1068 2946 Diespiter
1093 2900 1199 2936 salva
1225 2901 1320 2936 urbe
1348 2910 1517 2947 arceque
1545 2901 1657 2936 bonis
1683 2901 1811 2943 eiciat,
1839 2907 1879 2936 ut
1906 2912 1980 2947 ego

268 2958 369 2993 hunc
409 2957 575 3004 lapidem
614 2958 664 2994 cf.
704 2958 822 2995 Dant.
850 2959 929 2995 Der
955 2959 1103 2995 sacrale
1130 2959 1274 2995 Schutz
1301 2960 1351 2995 im
1379 2959 1488 2995 Rom.
1517 2960 1834 2996 Rechtsverkehr
1861 2972 1897 3006 p.
1929 2971 1980 3003 ¹⁴·

268 3018 316 3055 cf.
344 3022 549 3063 praeterea
575 3017 656 3053 Liv.
684 3018 708 3053 1.
737 3029 791 3058 2⁴·

316 3094 354 3133 4)
380 3089 522 3126 Phoen.
553 3094 658 3125 12⁴0:
708 3090 762 3122 ix?
786 3089 899 3123 τοῖσδε
926 3089 1150 3123 δ’ὶσπιίσαντο
1174 3090 1233 3123 κᾶν
1258 3091 1467 3133 μεταιχμίοις

709 3150 814 3192 ὅρκους
838 3150 987 3190 συνῆψαν
1013 3147 1155 3191 immutire
1181 3150 1416 3191 στρατηλάται,

319 3225 353 3266 5)
380 3221 458 3267 Iph.
487 3220 532 3257 Α.
559 3223 604 3265 58
652 3220 758 3262 ὅρκους
782 3222 928 3260 συνάψαι
953 3219 1054 3261 δεξιάς
1082 3233 1115 3254 τι
1141 3222 1323 3263 cuppam„

734 3305 743 3316 .
796 3307 800 3312 .
854 3308 861 3317 .
890 3279 1066 3319 ἀλλήλοισι
1091 3284 1144 3313 καὶ
1169 3279 1200 3313 δι’
1223 3280 1368 3323 ἐμπύρων
