2392 3750
1041 333 1096 384 63

1263 434 1270 450 .

206 465 329 508 Blass
360 465 440 508 ll.:
473 466 552 508 das
582 465 726 508 Recht
757 464 837 507 soll
868 465 1007 508 durch
1038 465 1131 506 sich
1148 464 1286 507 selbst
1303 465 1467 522 siegen,
1485 465 1623 507 durch
1640 463 1924 519 Uberlegung

206 537 285 579 der
317 535 472 588 Sache,
506 537 712 579 wahrend
743 537 822 579 das
854 536 1050 579 Unrecht
1068 536 1161 578 sich
1178 537 1322 578 hinter
1338 536 1450 578 Eide
1467 551 1520 578 zu
1536 537 1708 578 decken
1727 535 1855 577 sucht
1875 532 1924 590 ¹).

266 608 448 651 Prorsus
479 609 563 651 alio
594 610 729 651 modo
762 622 866 650 sane
886 608 1028 650 Hirzel
1047 606 1082 663 ²)
1099 608 1322 661 explicare
1339 609 1524 658 videtur,
1543 609 1641 650 ubi:
1671 607 1802 658 „Und
1819 607 1924 648 dasz

207 693 307 721 man
351 681 395 722 in
441 681 519 722 der
550 679 680 731 That,
712 681 933 730 observat,
967 680 1038 721 die
1069 680 1206 735 Regel
1238 681 1360 733 (dasz
1392 681 1470 722 der
1513 679 1598 721 Eid
1633 679 1702 720 ein
1738 678 1923 720 Beweis-

205 751 346 793 mittel
396 752 476 793 wie
523 752 684 794 andere
731 751 804 806 ist)
851 765 903 793 so
950 751 1175 802 auffasste,
1225 751 1336 793 lehrt
1383 765 1465 793 uns
1512 752 1583 793 die
1625 750 1801 793 Athene
1843 750 1923 791 des

205 821 454 876 Aischylos,
498 824 570 865 die
611 836 698 864 von
741 824 819 865 der
860 822 1191 864 Eidesdelation
1238 823 1325 864 den
1367 822 1470 879 Sieg
1514 823 1592 864 der
1622 821 1923 878 ungerechten

204 892 348 935 Sache
395 891 679 946 siirchtet'’³)‚
729 894 809 936 sed
855 894 939 936 hoc
986 901 1186 936 metuere
1229 894 1471 936 Minervam
1501 907 1720 948 nusquam
1752 893 1921 948 legitur.

206 964 323 1006 Dicit
367 972 538 1007 tantum
581 967 672 1008 iure
715 966 898 1008 iurando
940 966 1024 1007 hoc
1064 972 1271 1019 tempore
1314 979 1425 1019 opus
1458 979 1547 1007 non
1579 978 1700 1007 esse:
1734 977 1822 1006 non
1855 971 1922 1006 est

205 1038 420 1091 quaestio,
463 1044 609 1079 utrum
652 1038 921 1079 commiserit
966 1037 1134 1079 facinus
1193 1037 1378 1079 Orestes
1419 1050 1580 1087 annon,
1623 1037 1702 1078 sed
1744 1037 1836 1078 iure
1867 1048 1922 1076 an

205 1108 370 1150 iniuria.
429 1109 576 1162 Ipsum
618 1108 735 1161 illud,
784 1110 904 1163 quod
950 1109 1107 1151 Furiae
1155 1109 1393 1162 postulant,
1442 1109 1596 1150 iniuria
1642 1114 1774 1159 esset,
1821 1108 1923 1162 quia

205 1180 289 1221 hoc
347 1181 517 1233 patiens
574 1180 771 1222 Minerva
828 1182 1137 1231 concessisset,
1197 1187 1244 1222 ut
1301 1195 1359 1228 ex
1407 1180 1567 1223 Oreste
1614 1185 1921 1234 quaereretur:

205 1251 488 1293 Necavistine
519 1259 704 1293 matrem
737 1252 911 1294 annon?
945 1253 1065 1306 quod
1097 1253 1198 1306 quia
1228 1265 1389 1307 negare
1420 1265 1510 1293 non
1531 1258 1719 1305 poterat,
1738 1263 1922 1292 necesse

204 1330 298 1364 erat
329 1337 428 1364 eum
461 1324 658 1365 damnari
680 1320 726 1377 ⁴).
761 1323 1023 1365 Aecuratius
1054 1331 1203 1366 autem
1235 1330 1378 1366 totum
1411 1323 1557 1365 locum
1590 1336 1920 1376 percurramus:

264 1394 420 1437 Furiae
467 1401 623 1451 rogant
671 1395 822 1450 (430):
870 1397 945 1436 ποῦ
997 1393 1080 1446 γὰρ
1126 1397 1289 1436 τοσοῦτο
1333 1393 1487 1446 κέντρον
1526 1393 1575 1440 ὥς
1618 1396 1919 1446 μητροκτονεῖν;

204 1467 363 1520 quibus
395 1468 540 1508 verbis
575 1481 663 1508 non
692 1469 931 1521 respondet
947 1468 1043 1515 dea,
1062 1468 1226 1522 quippe
1243 1481 1357 1522 quae
1374 1468 1558 1508 referat:
1594 1465 1697 1507 δυοῖν
1715 1463 1921 1517 παρόντοιν

203 1535 345 1588 ἥμισυς
386 1536 511 1588 λόγου
543 1537 656 1589 πάρα
675 1537 719 1590 5).
771 1541 895 1580 Ἀλλ’
925 1540 1084 1581 deinde
1116 1539 1274 1580 Furiae
1306 1539 1516 1590 obiciunt,
1551 1535 1658 1590 ὅρκον
1691 1537 1732 1579 οὐ
1763 1534 1918 1586 δέξαιτ’

205 1606 268 1656 ἄν,
301 1609 343 1650 οὐ
374 1609 506 1651 δοῦναι
538 1607 667 1651 θέλοι.

263 1680 397 1724 Cuius
429 1683 639 1735 postremi
673 1696 824 1723 versus
857 1696 969 1736 quae
1002 1683 1057 1723 sit
1078 1682 1352 1738 significatio,
1375 1681 1554 1723 difficile
1573 1689 1639 1723 est
1658 1682 1918 1732 diiudicare;

203 1749 311 1803 ὅρκον
328 1750 531 1804 δέχεσθαι
550 1755 666 1795 enim
683 1754 842 1795 dicitur
861 1767 973 1804 reus,
991 1760 1039 1795 ut
1056 1754 1189 1795 docet
1206 1753 1398 1794 Dindorf
1411 1767 1452 1794 o.
1467 1753 1490 1794 1.
1511 1754 1553 1794 in
1571 1766 1679 1795 voce
1695 1749 1918 1804 δέχεσθαι,

203 1826 277 1879 qui
319 1826 423 1867 iuris
464 1826 633 1867 iurandi
675 1826 980 1867 condicionem
1023 1826 1079 1867 ab
1110 1825 1360 1867 adversario
1391 1825 1520 1866 latam
1553 1825 1736 1878 accipit;
1770 1822 1919 1871 δοῦναι,

203 1897 277 1951 qui
309 1897 615 1939 condicionem
649 1897 780 1939 offert
797 1894 851 1952 ⁶),
887 1910 999 1951 quae
1031 1897 1067 1938 si
1098 1910 1201 1938 vera
1232 1903 1348 1947 sunt,
1382 1910 1536 1938 versus
1568 1897 1770 1939 laudatus
1788 1897 1919 1954 signi-

203 1967 326 2010 ficat:
375 1968 474 2022 Ipse
521 1969 661 2011 iurare
707 1982 796 2010 non
844 1968 934 2011 vult
981 1969 1048 2011 ius
1091 1969 1323 2011 iurandum
1366 1968 1487 2021 (illud
1518 1982 1579 2010 sc.
1612 1969 1733 2023 quod
1766 1982 1847 2010 nos
1880 1969 1919 2010 ei

203 2039 486 2095 imperamus)
517 2053 662 2094 neque
693 2041 807 2082 sinet
838 2053 919 2082 nos
951 2041 1091 2083 iurare
1108 2038 1156 2093 ⁷).

253 2259 266 2283 1
270 2252 288 2293 )
316 2248 455 2283 Lectio
492 2254 553 2283 est
591 2248 751 2284 incerta.
787 2247 860 2283 Alii
898 2248 1030 2294 legunt
1072 2249 1115 2279 τὰ
1140 2245 1210 2288 μέν,
1237 2247 1300 2282 alii
1326 2248 1368 2279 τὰ
1393 2246 1450 2288 μῆ.
1479 2246 1586 2282 Blass
1613 2247 1632 2282 1.
1650 2247 1669 2282 Ι.
1697 2248 1778 2283 iure
1806 2252 1918 2293 putat

201 2310 248 2341 τὰ
283 2306 343 2349 μέν
380 2307 588 2343 lectionem
627 2318 715 2343 esse
754 2307 977 2350 meliorem;
1017 2307 1091 2342 dea
1129 2308 1231 2342 enim
1259 2312 1466 2352 praesente
1494 2306 1575 2341 fieri
1602 2317 1678 2342 non
1705 2312 1848 2353 potest,
1876 2313 1918 2343 ut

204 2367 359 2402 vincant
382 2368 430 2399 τὰ
456 2367 502 2408 μὴ
528 2366 650 2399 δίκαια.
993 2365 995 2367 “

251 2427 628 2470 2)cs.Hirzelo
667 2427 863 2473 1.p.107.

250 2487 286 2530 3)
312 2486 426 2533 Legit
451 2487 567 2533 igitur
595 2487 722 2522 Hirzel
750 2497 838 2522 cum
866 2491 922 2523 M:
948 2487 995 2518 τὰ
1025 2485 1083 2527 μή.

249 2547 284 2589 ⁴)
311 2545 358 2581 cf.
397 2545 531 2581 Meie
547 2557 592 2581 r-
608 2547 669 2582 Sc
685 2546 708 2581 h
724 2549 747 2581 ὂ
763 2557 799 2581 m
841 2546 919 2581 Der
941 2546 1018 2582 Att.
1045 2546 1154 2582 Proc.
1184 2557 1218 2592 p.
1246 2557 1335 2590 901:
1368 2546 1459 2581 Wer
1486 2557 1529 2581 es
1554 2545 1782 2593 zugelassen
1807 2547 1916 2583 hatte

200 2605 375 2652 (solchen
402 2605 476 2641 Eid
502 2617 548 2641 zu
573 2605 794 2652 schworen)
820 2611 967 2641 musste
994 2606 1059 2641 ihn
1085 2606 1308 2651 notwendig
1335 2605 1390 2641 als
1415 2605 1641 2641 beweisend
1656 2606 1917 2642 anerkennen.

253 2670 291 2710 5)
317 2665 370 2701 cf,
410 2665 537 2701 Schol,
577 2663 664 2707 ὑμῖν,
702 2666 769 2711 qui
810 2665 1023 2708 adnotavit,
1060 2666 1119 2707 μὶν
1146 2666 1350 2706 κατηγορεῖν,
1375 2662 1483 2706 &sulm
1509 2664 1543 2697 δῦ
1565 2663 1808 2707 hemmezur
1833 2664 1917 2708 μηδὶ

201 2723 290 2763 δίκην
314 2723 449 2768 δικάσῃς
473 2724 544 2766 πρὶν
569 2724 692 2767 ἀμφοῖν
716 2727 821 2766 μῦθον
844 2723 997 2767 ἀκούσῃς.
1023 2724 1428 2771 (Pseudophocylidea
1441 2728 1497 2770 87,
1525 2725 1661 2771 Bergk.
1676 2725 1712 2761 P.
1730 2726 1773 2761 L.
1789 2725 1850 2772 G.)
1866 2726 1916 2765 cf.

201 2790 406 2831 praeterea
443 2784 502 2820 ius
539 2785 741 2820 iurandum
782 2784 1041 2820 Heliastarum
1070 2785 1136 2830 qui
1163 2785 1355 2827 dicuntur,
1381 2795 1480 2830 quos
1508 2785 1694 2820 iuravisse
1721 2785 1915 2822 Isocrates

201 2843 318 2878 dicit:
357 2841 374 2879 ἦ
400 2842 463 2882 μὴν
487 2842 602 2882 ὁμοίως
627 2841 848 2883 ἀκροάσεσθαι
875 2846 936 2875 τῶν
962 2840 1230 2884 κατηγορούντων
1257 2841 1313 2874 καὶ
1338 2845 1399 2874 τῶν
1425 2841 1703 2884 ἀπολογουμένων.
1732 2843 1833 2885 (Iso
1849 2854 1869 2879 c
1886 2854 1915 2881 r,

199 2901 269 2942 περὶ
306 2900 495 2938 ἀντιδόσεως
533 2901 637 2947 XXI,
677 2905 711 2946 8)
745 2901 791 2937 cf.
820 2901 900 2937 Das
926 2901 1105 2938 Attische
1131 2902 1257 2938 Recht
1283 2902 1361 2937 und
1387 2902 1752 2941 Rechtsversahren.
1779 2903 1916 2939 Meier-

201 2961 598 3007 Schomann-Lipsius
624 2972 661 3007 p.
692 2971 751 3006 ¹5¹
782 2966 822 2997 et
847 2967 1073 3007 praeterea:
1101 2962 1205 2997 Cic.
1234 2961 1283 2996 ad
1311 2961 1483 2997 Atticum
1512 2961 1589 3006 Vll,
1621 2965 1673 2997 18.

248 3020 285 3066 6)
313 3020 360 3058 cs.
389 3020 802 3056 Meier-Schom.
846 3021 925 3056 Der
951 3021 1029 3056 Att.
1060 3021 1116 3056 Pr.
1146 3032 1180 3067 p.
1210 3023 1301 3064 898:
1330 3020 1464 3056 Einem
1492 3021 1605 3057 einen
1631 3021 1705 3057 Eid
1733 3028 1914 3059 zumuten

202 3079 325 3115 heisst
349 3079 436 3121 ὅρκον
461 3078 581 3120 δοῦναι,
607 3080 683 3116 den
710 3081 1032 3127 zugeschobenen
1059 3081 1277 3116 annehmen
1302 3078 1484 3124 &liae-Suq
1507 3081 1594 3125 den,
1621 3081 1691 3117 der
1716 3082 1800 3117 sich
1827 3093 1913 3118 zum

202 3139 299 3175 Eide
327 3140 505 3183 erbietet,
530 3139 736 3175 schwbren
762 3139 900 3183 lassen,
928 3140 1115 3176 ebenfalls
1141 3139 1227 3181 ὅρκον
1252 3138 1369 3175 δοῦναι.

249 3199 285 3244 7)
311 3198 462 3235 Eodem
489 3198 607 3235 modo
632 3199 880 3245 interpretari
907 3199 1060 3235 videtur
1087 3198 1227 3244 Schol.‚
1254 3199 1399 3245 quippe
1426 3200 1515 3246 qui:
1540 3198 1582 3237 ὥς
1594 3198 1914 3242 μήτε,ειάηοῐᾶνε·

202 3259 262 3302 rit,
299 3258 400 3292 αὐτὸν
434 3256 596 3291 δύνασθαι
623 3257 743 3300 ὀμόσαι
769 3257 820 3291 ὅτι
847 3257 903 3291 οὐκ
926 3257 998 3291 ’ἐστι
1023 3260 1178 3298 τοιοῦτος,
1204 3268 1304 3305 quae
1330 3259 1449 3294 verba
1472 3259 1689 3306 significare
1716 3259 1818 3295 aliud
1847 3260 1912 3296 vix
