2392 3750
1138 348 1198 400 69

312 480 496 522 videtur.
529 479 702 523 Chorus
736 480 845 522 haec
878 481 1012 522 verba
1044 479 1209 530 dicens,
1235 479 1371 533 ipsius
1387 485 1546 533 poetae
1564 480 1819 532 opinionem
1838 481 2026 522 fortasse

312 551 460 602 refert,
493 565 625 606 quam
658 553 843 594 eandem
879 565 904 593 e
937 564 1073 605 parvo
1091 552 1436 593 iuramentorum
1453 563 1639 592 numero
1655 557 1757 593 ante
1774 553 2026 594 coniectura

310 622 398 663 iarn
430 623 676 665 statuimus.

370 690 454 746 Ag.
494 695 615 746 1283.
650 692 863 744 ὀμώμοται
896 691 991 745 γὰρ,
1025 692 1195 749 legitur,
1229 691 1337 744 ὅρκος
1369 693 1412 734 ἐκ
1443 690 1546 734 θεῶν
1578 691 1718 743 μέγας

652 762 764 814 ἄξειν
795 779 847 805 νιν
882 763 1102 814 ὑπτίασμα
1137 763 1315 814 κειμένου
1348 762 1501 815 πατρός
1521 763 1563 813 ¹).

369 833 582 888 Quamvis
613 837 768 878 horum
788 837 1023 878 verborum
1041 836 1171 878 lectio
1190 837 1244 878 sit
1264 837 1443 887 incerta,
1477 836 1696 878 sententia
1713 837 1818 877 satis
1835 843 2022 879 constat.

310 906 485 948 Etenim
528 908 619 949 sive
661 907 844 964 legimus
886 905 1113 957 ὀμώμοται,
1161 908 1251 948 sive
1295 921 1394 949 cum
1437 908 1627 949 Kirchof
1654 904 1775 958 ἄραρε
1802 905 1897 959 γάρ,
1931 910 2023 951 iure

310 977 493 1020 iurando
525 979 709 1021 deorum
742 980 885 1020 omnis
917 979 1135 1021 dubitatio
1169 986 1406 1021 resecatur.
1439 979 1568 1022 Ultor
1600 980 1759 1030 veniet,
1795 981 1922 1021 iurati
1953 980 2024 1022 dei

309 1049 393 1091 hoc
425 1056 685 1101 statuerunt,
719 1051 811 1092 fieri
842 1063 931 1092 non
963 1057 1126 1104 potest,
1159 1051 1264 1105 quin
1297 1052 1358 1093 ita
1390 1051 1576 1093 eveniat.

367 1118 453 1175 Ag.
508 1132 616 1173 1432
664 1128 708 1163 et
763 1122 885 1175 1568.
935 1121 1258 1175 Clytaemestra
1301 1123 1393 1164 iure
1426 1122 1610 1164 iurando
1643 1122 1749 1164 dato
1781 1122 2022 1164 maximum

309 1193 505 1234 veritatis
537 1194 838 1235 testimonium
877 1193 981 1234 dare
1014 1194 1148 1247 cupit.

369 1263 448 1305 Vs.
498 1264 606 1317 1568
650 1277 738 1306 non
781 1265 933 1305 iniuria
981 1265 1273 1306 iuramentum
1308 1265 1482 1306 videtur
1511 1265 1627 1316 addi,
1660 1264 1764 1306 solis
1795 1265 2023 1318 promissis

308 1335 381 1376 vix
414 1336 682 1384 crederetur,
716 1336 817 1390 quia
849 1349 963 1390 quae
994 1334 1153 1385 στέγειν
1186 1350 1234 1378 se
1268 1336 1510 1389 pollicetur,
1547 1337 1642 1390 ipsa
1673 1336 1779 1378 dicit
1796 1333 2021 1383 δύστλητα.

308 1405 436 1457 Iurat,
484 1420 544 1457 se,
579 1408 821 1449 dummodo
853 1407 1244 1449 Pleisthenidarum
1278 1408 1454 1449 recedat
1486 1422 1510 1448 a
1543 1409 1678 1449 domo
1709 1421 1788 1449 sua
1819 1408 2022 1460 daemon,

309 1484 564 1519 contentam
598 1478 692 1519 fore
725 1480 787 1530 iis,
822 1491 934 1532 quae
971 1479 1086 1520 faeta
1118 1479 1218 1530 sint,
1253 1476 1467 1526 δύστλητά
1502 1480 1590 1529 περ’
1624 1475 1725 1520 ἔνθ’.

367 1549 447 1590 Vs.
497 1559 603 1601 1432
649 1556 815 1600 contra,
848 1551 923 1591 ubi
953 1550 1142 1591 affirmat
1175 1551 1314 1592 iurata
1345 1564 1392 1591 se
1424 1549 1666 1606 Aegistheo
1697 1550 1886 1602 vivente,
1919 1550 2023 1593 nihil

308 1621 476 1672 timere,
510 1621 755 1662 iuramento
787 1620 890 1662 nihil
923 1634 1036 1674 opus
1069 1627 1152 1672 est,
1185 1627 1253 1662 est
1286 1621 1464 1663 iactatio
1497 1622 1650 1663 inanis.

368 1689 549 1746 Choeph.
579 1702 679 1746 975.
728 1692 914 1735 Orestes
963 1699 1282 1734 commemorat
1328 1691 1572 1748 Aegistheo
1604 1699 1648 1734 et
1675 1691 2021 1747 Clytaemestrae

306 1765 543 1821 contigisse
576 1765 634 1815 id,
667 1765 787 1819 quod
818 1763 1095 1806 iuravissent.
1132 1761 1254 1815 ὅρκος,
1290 1765 1442 1818 inquit,
1472 1762 1635 1813 ἐμμένει
1666 1762 1931 1814 πιστώμασιν.

663 1833 895 1886 ξυνώμοσαν
930 1834 1004 1885 μὲν
1037 1833 1217 1876 θάνατον
1250 1832 1388 1886 ἀθλίῳ
1419 1833 1553 1885 πατρί

662 1906 729 1949 καὶ
762 1904 1072 1957 ξυνθανεῖσθαι.
1105 1905 1175 1948 καὶ
1208 1905 1299 1948 τώδ’
1332 1905 1496 1957 εὐορκὼς
1530 1904 1620 1959 ἔχει
1637 1906 1684 1961 ²).

364 1978 495 2022 Eum.
539 1989 637 2034 217.
691 1993 957 2034 quamquam
1001 1986 1183 2033 apparet
1225 1980 1328 2020 iuris
1370 1979 1539 2020 iurandi
1580 1980 1888 2022 auctoritatem
1932 1994 2020 2024 non

305 2053 501 2094 omnium
549 2065 647 2094 esse
694 2052 946 2102 maximam,
995 2052 1159 2106 quippe
1209 2052 1278 2093 cui
1317 2049 1407 2099 εὐνή
1439 2051 1689 2103 antecedat,
1731 2065 1789 2092 ex
1821 2065 1875 2094 eo
1908 2053 2020 2106 ipso,

305 2124 425 2178 quod
457 2137 557 2166 cum
591 2137 644 2165 eo
677 2122 766 2171 εὐνή
800 2129 1093 2176 comparatur,
1126 2123 1278 2176 quanti
1311 2123 1366 2163 sit
1398 2122 1526 2175 pretii
1557 2123 1662 2163 satis
1687 2123 1949 2180 intellegitur
1966 2122 2018 2178 ³).

365 2193 494 2236 Eum.
527 2195 615 2246 624
646 2192 758 2246 ὅρκος
788 2192 868 2245 γὰρ
901 2194 1058 2249 legitur
1090 2192 1173 2234 οὔτι
1206 2192 1326 2244 Ζηνὸς
1360 2192 1496 2245 ἰσχύει
1527 2192 1661 2234 πλέον.

365 2265 443 2308 Vs.
486 2267 567 2308 621
617 2266 777 2320 Apollo
819 2266 985 2307 iudices
1018 2266 1139 2308 iubet
1172 2266 1285 2307 Iovis
1317 2265 1531 2307 voluntati
1564 2266 1884 2319 obtemperare,
1918 2269 2020 2322 quia

305 2345 353 2380 ut
384 2338 494 2379 deus
525 2338 599 2388 ait,
631 2351 687 2379 ne
715 2338 780 2379 ius
813 2338 1041 2379 iurandum
1074 2338 1252 2391 quidem
1286 2337 1385 2390 plus
1418 2338 1530 2378 valet
1549 2351 1680 2391 quam
1700 2338 1794 2391 ipse
1811 2338 2017 2392 Iuppiter.

305 2410 431 2452 Licet
463 2423 520 2451 ex
554 2410 662 2465 lege,
696 2423 828 2464 quarn
861 2410 903 2451 in
932 2410 1189 2463 magistratu
1206 2409 1400 2450 ineundo
1418 2422 1466 2450 se
1483 2415 1734 2451 servaturos
1752 2409 2016 2465 iuraverunt,

304 2482 490 2525 Orestes
531 2481 587 2523 sit
620 2481 994 2531 condemnandus,
1028 2494 1129 2522 eum
1161 2479 1389 2522 absolvere
1422 2481 1599 2522 debent.
1632 2480 1729 2533 Ipse
1761 2483 1876 2523 enirn
1909 2483 2019 2525 deus

305 2553 499 2607 optimus
545 2553 777 2603 maximus,
821 2552 895 2606 qui
940 2552 1151 2602 omniurn,
1196 2552 1329 2593 etiam
1364 2551 1466 2592 iuris
1498 2552 1667 2593 iurandi
1699 2558 1766 2594 est
1799 2553 2017 2606 dominus,

304 2638 384 2679 per
429 2624 679 2678 Apollinem
728 2622 935 2665 Orestem
979 2624 1165 2665 iusserat
1208 2630 1379 2677 patrem
1422 2623 1585 2665 ulcisci.
1618 2623 1714 2673 Hic,
1748 2625 1912 2679 quippe
1943 2629 2018 2681 qui

304 2696 372 2739 ius
413 2696 598 2747 dederit,
639 2696 762 2737 cuius
804 2695 982 2737 nomine
1024 2695 1108 2748 ipsi
1140 2695 1306 2737 iudices
1338 2695 1404 2736 ius
1436 2695 1598 2748 dicant,
1632 2695 1756 2738 cuius
1787 2696 2017 2751 imperium

359 2920 390 2956 ι)
418 2914 556 2950 Lectio
582 2919 643 2949 est
668 2914 817 2950 incerta
843 2912 891 2949 cs.
919 2913 966 2949 W
984 2923 1041 2949 ec
1058 2913 1222 2949 klein.
1249 2912 1466 2959 Appendic.
1493 2924 1528 2959 p.
1560 2915 1636 2957 ¹89·

355 2978 390 3018 2)
416 2973 466 3010 cf.
495 2973 670 3019 Choeph.
696 2976 776 3018 89⁴·

353 3034 518 3070 Blass.
555 3042 623 3078 975
663 3033 831 3069 coniecit
867 3032 969 3074 ὅρκου,
999 3032 1107 3079 quod
1132 3035 1165 3068 si
1192 3043 1279 3069 cum
1306 3043 1355 3069 eo
1381 3032 1542 3079 legimus
1568 3031 1660 3070 πάθη
1685 3037 1746 3068 est
1771 3033 2013 3081 subjectum:

305 3093 398 3132 arken
422 3093 511 3135 ὅρκον
537 3090 667 3134 &pydum
692 3091 913 3134 πιστύμανιιν,

354 3159 390 3198 3)
414 3150 489 3191 ulmi
526 3153 598 3189 iuri
637 3151 799 3188 iurando
826 3152 1091 3199 praeponitur,
1118 3153 1209 3198 quia
1236 3151 1484 3188 matrimonio
1513 3150 1593 3187 fata
1618 3150 1836 3197 explentur,
1863 3165 1941 3201 qua
1966 3155 2015 3192 de

306 3224 347 3250 re
385 3211 459 3250 ιῦνῆ
496 3212 614 3248 etiam
651 3213 807 3253 μόρσιμος
845 3212 988 3248 dicitur
1028 3213 1076 3248 cs.
1114 3212 1238 3248 Wec
1255 3213 1315 3248 kl.
1343 3211 1409 3249 Or.
1436 3223 1472 3258 p.
1502 3214 1589 3258 2683
1627 3212 1743 3249 Blass.
1771 3212 1880 3251 Eum.
1908 3225 1942 3261 p.
1970 3226 2015 3260 9⁴

306 3273 373 3317 (cf.
399 3273 509 3309 Eum.
534 3273 631 3316 961).
