2326 3718
1065 311 1145 356 107

245 433 444 475 eiusdem
476 440 636 487 poetae
667 435 814 488 operis
848 435 1106 490 fragmentis
1139 435 1376 488 periurium
1411 434 1546 476 ullum
1577 435 1746 490 legitur.
1781 434 1873 476 Nec
1905 435 1962 476 de

248 504 340 546 iure
375 505 558 547 iurando
590 518 677 546 non
710 512 885 547 servato
917 505 1005 548 ullo
1036 505 1136 548 loco
1167 519 1313 548 sermo
1344 512 1413 548 est
1438 505 1485 559 ¹).

307 574 348 616 D
365 589 390 617 e
436 574 468 618 S
485 589 558 629 op
576 576 648 618 ho
665 590 689 618 c
708 576 719 618 1
737 590 776 619 e.
823 576 1067 630 Sophocles
1100 578 1289 631 periuria
1319 591 1539 632 perpauca
1572 577 1767 620 exhibet.

307 643 412 690 Ant.
446 655 530 700 327
563 647 665 703 vigil
697 660 785 690 non
818 649 942 700 iurat,
974 648 1165 691 affirmat
1196 654 1394 691 tanturn:

1201 718 1271 760 ἐὰν
1306 718 1349 761 δέ
1382 734 1440 761 τοι

604 788 751 843 ληφθῇ
781 805 827 832 τε
858 789 930 832 καὶ
962 790 1033 841 μή,
1065 793 1182 832 τοῦτο
1214 790 1295 842 γὰρ
1329 789 1444 844 τύχη
1475 795 1597 844 κρινεῖ

604 861 672 903 οὐκ
706 860 796 904 ἔσθ’·
828 859 935 909 ὅπως
967 859 1048 914 ἔφη
1078 861 1127 903 σὺ
1158 861 1260 914 δεῦρ’
1286 860 1467 904 ἐλθόντα
1498 876 1564 913 με·

306 931 596 975 Nihilominus
646 941 777 988 capta
822 933 1047 990 Antigone
1095 947 1297 976 reversus
1346 949 1409 978 VS.
1455 937 1540 986 388
1574 936 1763 978 reditum
1802 935 1962 979 Creoni

247 1016 485 1045 excusans:

573 1073 696 1126 ἄναξ,
729 1077 881 1130 inquit,
917 1074 1116 1128 βροτοῖσιν
1150 1075 1259 1118 οὐδέν
1290 1077 1372 1118 ἐστ’
1406 1076 1624 1127 ἀπώμοτον

574 1146 713 1198 ψεύδει
743 1147 825 1199 γὰρ
858 1149 879 1197 ἡ
915 1151 1061 1190 ’πινοιοο
1091 1147 1160 1196 τὴν
1195 1147 1374 1200 γνώμην·
1414 1148 1503 1190 ἐπεὶ

574 1224 713 1272 σχολῇ
744 1218 846 1261 ποθ’
879 1218 985 1273 ἥξειν
1019 1219 1120 1272 δεῦρ’
1154 1217 1202 1262 ἄν
1236 1218 1432 1272 ἐξηύχουν
1464 1221 1546 1271 ἐγώ

573 1294 667 1338 ταῖς
698 1297 794 1339 σαῖς
825 1291 1030 1340 ἀπειλαῖς,
1063 1288 1128 1339 οοῖς
1162 1290 1422 1344 ἐχειμάσθην
1454 1291 1546 1335 τότε

574 1363 673 1403 ἀλλ’
751 1395 763 1409 .
798 1396 806 1404 .
843 1396 853 1405 .
886 1398 896 1407 .
1522 1372 1566 1407 et
1599 1372 1828 1419 praeterea

337 1447 400 1475 vs.
435 1444 542 1485 394:
577 1431 656 1482 ἥκω
688 1433 737 1475 δι’
771 1432 887 1486 ὅρκων
918 1434 1059 1487 καίπερ
1092 1434 1139 1477 ὢν
1172 1434 1388 1486 ἀπώμοτος

576 1503 690 1557 κόρην
721 1503 831 1556 ἄγων
865 1505 972 1555 τήνδ’
1008 1539 1196 1549 .....

305 1574 504 1630 Apparet
535 1591 600 1628 ea,
633 1590 746 1630 quae
777 1584 880 1621 ante
911 1586 1035 1621 erant
1066 1579 1184 1622 dicta
1215 1580 1255 1621 ei
1273 1580 1407 1622 fuisse
1425 1594 1506 1634 pro
1524 1581 1771 1623 iuramento
1788 1578 1822 1636 ²)
1841 1580 1962 1633 quod

246 1653 413 1689 temere
446 1649 547 1701 quia
579 1649 715 1700 dedit,
747 1663 837 1691 non
869 1657 1029 1693 servat.

299 1806 333 1843 ι)
367 1800 479 1838 Eum.
518 1812 582 1847 771
625 1814 792 1850 poenam
832 1805 1000 1841 minatur
1037 1805 1212 1851 Orestes,
1246 1817 1324 1842 non
1349 1810 1479 1842 autem
1506 1807 1553 1848 ei.
1580 1807 1647 1853 qui
1673 1807 1733 1843 ius
1758 1806 1960 1843 iurandum

246 1871 357 1896 suum
382 1871 459 1896 non
486 1863 712 1908 servaverit,
739 1863 810 1899 sed
836 1864 883 1906 ei,
910 1865 977 1911 qui
999 1865 1256 1901 iuramentum
1275 1865 1378 1909 illud,
1392 1865 1499 1912 quod
1513 1865 1677 1902 Orestes
1692 1866 1776 1912 ipse
1792 1866 1962 1902 dederit:

244 1918 342 1960 μήτοι
374 1922 434 1953 τιν’
459 1920 560 1963 ἄνδρα
586 1921 676 1964 δεῦρο
700 1922 883 1965 πρυμνήτην
907 1926 1027 1966 χθονός
1051 1925 1182 1958 ἐλθόντ’
1208 1925 1348 1958 ἐποίσειν
1371 1922 1408 1958 εὖ
1432 1925 1628 1967 κεκασμένον
1653 1924 1725 1967 δόρυ
1752 1926 1962 1973 neglegens

246 1979 388 2016 bellum
414 1980 585 2018 intulerit
611 1982 787 2019 Athenis.

295 2041 331 2083 2)
356 2040 397 2076 In
423 2041 552 2077 animo
579 2041 703 2088 vigilis
730 2053 818 2079 esse
843 2043 998 2080 videtur
1024 2056 1080 2082 vs.
1107 2047 1198 2088 388:
1224 2045 1309 2082 Non
1331 2047 1461 2083 omnia
1474 2046 1683 2092 providere
1697 2051 1830 2092 potest
1845 2048 1963 2084 homo

246 2109 319 2135 nec
344 2099 460 2147 igitur
486 2111 558 2147 pro
584 2107 694 2138 certo
722 2102 867 2149 aliquid
893 2103 1121 2140 confirmare
1149 2106 1184 2140 ei
1211 2105 1301 2142 licet
1330 2106 1378 2142 cf.
1405 2106 1541 2153 fragm.
1564 2106 1597 2142 A
1613 2106 1830 2143 rchiloc
1846 2108 1895 2143 hi
1918 2112 1961 2152 71

247 2158 379 2199 (Anth.
405 2159 472 2206 lyr.
499 2161 560 2196 ed.
589 2161 623 2197 H
638 2162 650 2197 i
664 2162 674 2197 1
690 2163 699 2197 Ι
714 2173 735 2198 e
750 2174 767 2198 r
784 2181 796 2188 ·
812 2162 844 2199 C
858 2174 876 2199 r
890 2174 915 2199 u
929 2164 1012 2199 siu
1026 2175 1055 2200 s.
1083 2164 1281 2208 Teubner)

674 2221 853 2264 χρημάτων
878 2222 1025 2256 ἄελπτον
1049 2223 1138 2257 οὐδέν
1163 2225 1249 2258 ἐστιν
1280 2224 1349 2258 οὐδ’
1374 2225 1547 2267 ἀπώμοτον

673 2280 751 2314 οὖδί
774 2281 963 2323 θαυμάσιον
986 2282 1093 2322 ἐπειδὴ
1120 2285 1196 2321 Ζεῦς
1220 2285 1327 2326 πατὴρ
1353 2284 1547 2326 Ὀλυμπίων

676 2342 714 2377 ἐκ
739 2342 942 2383 μισημβρίης
965 2341 1063 2381 ϊθηκε
1088 2342 1175 2376 νῦκτ“
1202 2343 1395 2386 ἀποκρύψας
1419 2345 1504 2387 φάος

674 2402 793 2447 husto)
818 2401 1026 2446 λάμποντῼ).

247 2463 402 2500 Minime
441 2464 699 2500 iuramentum
738 2471 853 2498 omne
891 2462 1144 2508 improbatur,
1182 2468 1362 2499 monetur
1400 2469 1549 2500 tantum
1583 2474 1631 2500 ne
1660 2465 1819 2501 nimium
1845 2465 1963 2502 homo

247 2523 484 2570 imprudens,
523 2523 640 2559 futuri
676 2523 843 2569 ignarus,
883 2522 1060 2565 affirmet,
1099 2523 1205 2570 quod
1243 2523 1346 2559 idem
1373 2523 1591 2570 Antigonae
1618 2524 1762 2561 chorus
1788 2535 1844 2560 vs.
1875 2534 1964 2570 ¹350

247 2583 296 2619 de
322 2583 487 2625 μεγάλοις
512 2582 676 2629 loquens
701 2583 824 2624 λόγοις,
849 2581 951 2618 facit.

295 2643 342 2678 ct.
370 2642 495 2678 Hirz
511 2642 557 2678 el
583 2653 621 2689 p.
651 2653 739 2677 111:
767 2641 870 2684 „Nur
897 2642 1035 2677 einmai
1064 2641 1183 2677 findet
1211 2642 1296 2678 sich
1322 2643 1359 2678 in
1387 2642 1495 2678 einer
1521 2642 1623 2678 alten
1638 2643 1718 2679 und
1731 2643 1965 2680 volksstiim-

247 2701 374 2738 iichen
400 2702 604 2749 Wendung
631 2702 692 2737 ein
722 2701 865 2737 Ansatz
892 2701 960 2737 auf
987 2701 1123 2738 Grund
1150 2702 1220 2737 der
1248 2702 1576 2738 Beschtanktheit
1589 2702 1659 2738 des
1674 2702 1963 2740 menschlichen

247 2759 477 2797 Erkennens
502 2761 667 2809 gewisse
693 2760 802 2806 Eide,
828 2761 891 2796 die
918 2761 988 2796 der
1003 2761 1170 2797 Zukunft
1184 2761 1414 2808 vorgreifen,
1430 2772 1475 2797 zu
1490 2766 1747 2809 untersagen:
1774 2762 1963 2799 Niemand

249 2821 374 2865 weiss,
414 2830 494 2857 was
532 2820 704 2857 dieselbe
742 2820 882 2867 bringt‚
918 2821 989 2856 wie
1029 2831 1071 2856 er
1098 2820 1265 2856 handeln
1295 2820 1415 2857 wird:
1443 2830 1486 2856 es
1513 2820 1607 2857 lasst
1631 2820 1716 2857 sich
1742 2822 1870 2858 nichts
1898 2823 1965 2859 ab·

248 2880 464 2917 schwbren.

298 2938 436 2975 Lectio
463 2939 644 2975 codicum
671 2950 746 2975 vss.
774 2949 841 2983 39⁴
867 2944 907 2975 et
933 2949 999 2985 395
1026 2940 1124 2973 'doum
1151 2938 1240 2983 liam
1266 2941 1364 2981 μῆκος
1389 2938 1480 2972 οὐδὲν
1503 2938 1595 2983 ἡδονῇ

1033 2999 1098 3037 ἥκω
1123 2998 1164 3031 δι’
1191 2999 1286 3041 ὅρκων
1311 3000 1422 3040 καίπιρ
1448 2998 1488 3032 ὅν
1511 2998 1694 3044 ἀπώμοτος,

249 3057 517 3094 nonnullorum
543 3058 735 3094 editorum
763 3059 882 3095 movit
908 3059 1183 3105 suspicionem.

299 3116 441 3153 Naue
457 3117 483 3152 k
519 3118 689 3154 coniecit
715 3129 786 3164 pro
813 3129 892 3163 393.
922 3129 1014 3163 394:
1053 3118 1214 3158 πέπεικεν,
1239 3119 1304 3156 ἥκω
1329 3119 1443 3160 καίπερ
1468 3118 1507 3152 ὤν
1532 3118 1718 3159 ἀπώμοτος.
1746 3120 1858 3157 Putat
1883 3121 1963 3168 ple-

250 3186 453 3212 onasmum
479 3177 545 3223 qni
571 3176 714 3213 dicitur
745 3175 812 3222 „81⁹
837 3177 931 3219 {lpum
958 3177 1154 3219 ἀπύμοτος·’
1170 3179 1307 3214 mirum
1324 3189 1423 3214 esse.
1451 3178 1486 3214 M
1502 3189 1524 3214 e
1539 3189 1560 3215 c
1575 3179 1599 3214 k
1615 3179 1624 3214 1
1639 3189 1660 3214 e
1675 3190 1692 3213 r
1706 3179 1782 3222 (ed.
1799 3180 1934 3216 Teubn
1950 3183 1964 3223 )

251 3236 361 3272 uncis
399 3235 551 3272 inclusit
588 3246 723 3273 versus
750 3237 939 3274 laudatos.
979 3238 1041 3275 Sc
1057 3238 1154 3274 hol.
1183 3238 1408 3274 adnotavit:
1435 3239 1550 3279 xalmp
1575 3238 1751 3279 ὀμωμοκὼς
1774 3238 1822 3281 μή
1846 3240 1965 3274 ἐλθεῖν»
