2392 3750
1127 301 1179 353 85

355 433 470 475 Tum
516 433 695 475 demum
739 434 940 475 dubitare
982 433 1155 482 desinit,
1200 433 1377 487 quando
1421 433 1516 486 ipsa
1562 431 1759 473 Minerva
1806 431 1921 472 idem
1969 431 2009 472 ei

294 504 482 546 affirmat
519 502 562 555 ¹),
612 511 717 546 tunc
757 505 935 546 demum
982 518 1040 545 ex
1090 517 1304 557 responso
1350 504 1460 545 deae
1508 504 1628 554 dato,
1684 509 1880 556 apparet,
1929 503 2009 543 iuri

294 576 479 617 iurando
510 576 662 617 matris
693 589 781 617 non
814 589 994 629 prorsus
1028 589 1129 617 eum
1162 589 1259 617 esse
1292 576 1499 626 diffisum,
1531 575 1694 629 quippe
1727 575 1802 629 qui
1831 587 2009 627 respon-

294 647 418 688 deat:
463 645 533 687 καὶ
577 645 665 698 πρὶν
707 648 823 687 ‘reb-ro
853 645 888 687 δ’
908 646 975 687 οὐκ
1005 644 1175 687 ἄπιστον
1207 642 1264 694 ἦν.
1298 647 1398 688 Νοη
1431 652 1580 688 tamen
1613 653 1847 700 patronum
1880 659 2006 687 suum

294 731 426 772 quam
456 719 667 760 acerrime
700 718 938 760 defendere
971 731 1060 759 non
1093 725 1310 771 potuerat.

354 787 547 843 Cyclopis
581 790 678 831 262.
711 789 912 832 Seilenos
945 790 1204 845 gravissimo
1238 791 1484 831 iuramento
1511 803 1559 830 se
1576 789 1820 830 affirmasse
1837 794 2006 829 narrat:

292 859 350 910 μὴ
386 858 442 901 τὰ
474 862 511 900 σ’
546 860 770 914 (Cyclopis
802 859 882 914 sc.)
915 858 1052 909 ἐξοδᾶν
1086 858 1223 909 ξένοισι
1258 862 1455 912 χρήματ’.
1491 861 1648 902 Varios
1680 860 1790 901 deos
1806 866 2007 909 testatur,

292 938 519 985 praeterea
539 933 706 974 addens
724 934 1075 974 exsecrationem
1094 933 1344 982 liberorum,
1364 946 1453 986 quo
1471 933 1609 986 magis
1626 931 1807 972 domino
1825 930 2008 984 Cyclopi

291 1005 554 1057 persuadeat
602 1003 762 1054 Choro,
796 1004 896 1046 licet
931 1011 978 1046 ut
1010 1011 1112 1046 ante
1146 1005 1230 1046 iam
1264 1004 1417 1046 Ulixes
1437 1000 1469 1057 2)
1504 1004 1616 1045 iuret
1650 1016 1751 1044 eum
1785 1015 1886 1043 vere
1918 1015 2007 1043 non

291 1074 408 1129 loqui
461 1076 656 1129 itemque
699 1076 1004 1117 exsecratione
1047 1077 1180 1117 verba
1221 1089 1300 1117 sua
1341 1081 1579 1126 asseveret,
1631 1073 1764 1116 fidem
1815 1073 2006 1127 Cyclops

291 1159 380 1187 non
412 1146 558 1197 habet,
591 1147 780 1200 periurio
812 1147 972 1189 credit:
1007 1145 1136 1196 ἔγωγε
1168 1162 1230 1189 vs.
1266 1157 1346 1200 273
1382 1146 1637 1199 respondet,

766 1228 868 1281 τῷδε
901 1232 970 1271 τοῦ
1003 1228 1304 1280 Ραδαεμοένθυος

767 1301 929 1351 μᾶλλον
960 1299 1143 1343 πέποιθα
1176 1301 1244 1343 καὶ
1277 1299 1512 1352 δικαιότερον
1544 1298 1665 1349 λέγω.

291 1382 371 1424 Vir
402 1383 605 1426 consulto
638 1385 838 1437 peierans
870 1385 999 1441 igitur
1031 1385 1115 1427 hoc
1149 1385 1247 1428 loco
1275 1387 1318 1427 in
1336 1398 1542 1427 scaenam
1559 1384 1793 1437 inducitur,
1825 1384 1869 1425 id
1886 1384 2006 1438 quod

290 1462 442 1497 notare
475 1469 590 1497 nunc
625 1456 828 1504 sufficiat,
862 1458 963 1511 quia
995 1457 1051 1498 de
1081 1457 1162 1498 hac
1194 1471 1238 1498 re
1272 1463 1374 1511 post
1404 1457 1626 1510 copiosius
1659 1462 1826 1511 agetur.

350 1527 695 1568 Exclamationis
739 1526 785 1568 Αἆυ
831 1525 896 1577 μὰ
939 1526 1003 1568 Δί’
1047 1528 1241 1583 aliasque
1283 1530 1375 1570 eius
1421 1528 1543 1570 modi
1584 1526 1794 1569 formulas
1812 1523 1845 1579 ³)
1891 1527 2007 1568 iusta

290 1598 533 1639 iuramenta
579 1612 668 1640 non
717 1613 814 1640 esse
858 1599 1061 1641 habenda
1101 1613 1232 1641 nemo
1275 1600 1466 1655 negabit.
1502 1599 1628 1640 Licet
1660 1600 2004 1640 iuramentorum

290 1670 487 1711 formulis
535 1671 621 1711 sint
666 1671 871 1722 inclusae,
922 1685 946 1712 e
993 1672 1153 1726 quibus
1200 1679 1301 1713 sunt
1348 1679 1485 1722 ortae,
1532 1671 1765 1713 iuramenti
1811 1670 1875 1711 vis
1916 1683 2005 1711 non

289 1741 475 1794 amplius
508 1742 635 1783 inest.
668 1741 739 1783 Ad
771 1744 1017 1784 orationem
1049 1744 1356 1797 complendam
1389 1750 1562 1785 tantum
1593 1742 1869 1794 adhibentur,
1903 1749 2004 1783 sunt

290 1826 422 1855 voces
453 1813 571 1855 dirae
603 1827 715 1867 quae
747 1814 964 1856 dicuntur.
997 1815 1176 1855 Minime
1209 1815 1257 1867 is,
1291 1816 1365 1868 qui
1387 1813 1519 1856 talem
1535 1813 1741 1855 adhibeat
1757 1813 2003 1864 formulam,

290 1897 440 1926 revera
481 1884 628 1926 Iovem
660 1886 811 1926 testari
842 1887 976 1939 cupit,
1011 1886 1116 1940 quin
1150 1885 1288 1927 multo
1322 1885 1595 1927 verisimilius
1627 1891 1694 1926 est
1727 1885 1869 1938 ipsum
1903 1898 2003 1926 eum

289 1956 363 1997 vix
412 1957 523 1997 scire
571 1970 618 1997 se
664 1956 857 2010 talequid
906 1957 1085 2008 dixisse,
1130 1958 1250 2011 quod
1283 1958 1368 1999 iarn
1401 1958 1502 1999 inde
1534 1963 1730 2010 apparet,
1763 1957 1883 2010 quod
1912 1962 2003 1998 tam

288 2028 545 2081 saepissime
577 2035 854 2081 usurpantur.

347 2097 527 2140 Medeae
559 2110 607 2140 21
646 2101 701 2141 ab
734 2100 828 2153 ipsa
850 2101 1008 2142 Medea
1026 2101 1106 2142 iuri
1124 2101 1307 2142 iurando
1325 2113 1527 2156 magnam
1546 2101 1677 2142 tribui
1694 2100 2002 2142 auctoritatem

287 2172 393 2212 satis
423 2171 616 2213 indicant
650 2172 782 2213 verba
814 2172 1008 2223 nutricis,
1042 2173 1206 2226 quippe
1238 2186 1351 2227 quae

465 2251 545 2307 βοᾷ
577 2253 648 2304 μὲν
681 2255 855 2307 (Medea
888 2254 968 2310 sc.)
1000 2262 1159 2307 narret,
1193 2251 1342 2305 ἕρκους,
1374 2252 1578 2296 ἀνακαλεῖ
1603 2253 1646 2295 δὲ
1677 2251 1812 2304 δεξιῶς

466 2324 601 2366 πίστιν
633 2324 830 2375 μεγίστην
862 2325 931 2367 καὶ
965 2323 1084 2373 θεοὺς
1116 2324 1383 2377 μαρτύρεται.

347 2408 469 2459 Item,
502 2410 680 2464 quando
713 2421 779 2452 vs.
819 2411 900 2451 160
916 2410 1057 2463 ipsam
1075 2410 1277 2451 Medeam
1295 2411 1496 2452 audimus
1513 2417 1786 2465 querentem,
1805 2410 2003 2465 deosque

286 2486 525 2522 testantem
571 2494 620 2522 se
667 2481 780 2522 mala
825 2494 983 2537 magna
1026 2482 1197 2535 perpeti
1239 2488 1283 2523 et
1327 2495 1389 2522 VS.
1438 2482 1517 2524 168
1560 2483 1718 2524 iterum
1750 2482 1912 2533 nutrix,
1947 2482 2003 2524 de

286 2551 490 2606 querellis
523 2553 768 2594 admonens
801 2552 985 2594 Medeae
1018 2553 1201 2594 chorum
1235 2559 1359 2608 rogat

702 2632 850 2681 κλύεθ,
883 2630 947 2676 οἷαι
981 2634 1096 2685 λέγει
1126 2634 1388 2692 καὶπιβοᾶται

703 2705 827 2757 Θέμιν
861 2705 1056 2748 εὐκταίαν
1088 2704 1194 2754 Ζῆνά
1228 2703 1289 2753 θ’,
1321 2703 1360 2752 ὅς
1392 2703 1509 2758 ὅρκων

703 2775 862 2826 θνητοῖς
893 2776 1054 2828 ταμίαις
1084 2777 1332 2832 verdum-‘ram

285 2867 468 2915 apparet
500 2861 752 2904 iuramentis
784 2863 949 2905 Iasonis
981 2876 1078 2905 eam
1112 2863 1290 2904 minime
1322 2875 1421 2904 esse
1453 2862 1656 2905 diffisam.

340 3115 374 3146 ι)
401 3103 448 3140 cs.
475 3115 507 3140 0.
534 3104 556 3139 1.
590 3107 689 3151 1560.

336 3162 372 3208 2)
396 3162 444 3199 cf.
471 3163 574 3211 Cycl.
602 3166 682 3199 261.

337 3223 372 3268 3)
399 3222 447 3259 cf.
474 3233 509 3259 ο.
537 3222 558 3260 Ι.
584 3233 617 3267 9,
648 3232 724 3269 ¹5⁴,
752 3232 832 3270 355,
859 3226 939 3270 560,
968 3227 1046 3271 583,
1075 3226 1153 3271 586.
