2392 3750
1199 289 1252 339 56

420 414 524 457 Hik.
575 428 657 459 212
705 417 928 459 Danaidae
975 417 1234 470 pollicentur
1282 430 1330 458 se
1378 417 1582 458 mandata
1613 418 1748 470 patris
1779 430 1869 458 non
1901 416 2072 472 neglec-

364 495 496 530 turas.

419 558 626 602 Attamen
658 573 746 601 non
778 560 919 601 solum
955 560 996 600 in
1029 559 1256 612 promissis
1289 560 1480 601 iuratur:

420 630 802 673 Assertoria
850 632 1019 673 iurr.:
1052 628 1135 684 Ag.
1175 639 1282 684 1195
1317 629 1610 681 ἐκμαρτύρησον
1629 631 1873 674 Cassandra
1890 632 2074 674 chorum

362 708 486 757 rogat
533 700 769 753 προύμόσας
811 701 902 754 τῷδ’
936 700 1075 742 εἰδέναι
1111 700 1143 755 ¹)
1175 700 1283 752 λόγῳ
1318 700 1508 748 παλαιας
1539 701 1650 743 τῶνδ’
1688 701 1896 753 ἁμαρτίας
1929 701 2072 752 δόμων,

361 774 666 816 affirmandum
715 775 754 815 ei
807 775 936 829 igitur
983 774 1075 815 iure
1122 775 1305 815 iurando
1352 782 1418 816 est
1467 776 1680 830 virginem
1729 789 1831 816 vere
1863 776 2074 817 cecinisse

362 845 473 886 mala
506 846 611 900 regii
642 846 828 902 generis.

427 915 505 971 Ag.
545 927 653 968 1432
681 917 864 972 legimus
885 914 940 971 ²):
961 915 1032 958 καὶ
1066 915 1174 969 τήνδ’
1208 916 1360 964 ἀκούεις
1395 916 1527 968 ὁρκίων
1561 917 1664 968 ἐμῶν
1698 914 1835 967 θέμιν·

956 986 1019 1037 μα
1051 987 1122 1035 την
1154 988 1304 1029 τέλειον
1338 993 1410 1036 τῆς
1443 988 1542 1038 ἐμῆς
1570 987 1714 1036 παιδός
1744 987 1865 1037 Δίκην

959 1059 1092 1107 ’Ἄτην
1127 1058 1341 1111 Ἐριντίνθ’,
1373 1056 1456 1101 αἷσι
1488 1059 1589 1101 τόνδ’
1625 1058 1776 1112 ἔσφαξ’
1816 1060 1912 1111 ἐγώ,

958 1133 1067 1181 οὔμοι
1100 1129 1231 1182 Φόβου
1263 1130 1469 1183 μέλαθρον
1503 1130 1635 1178 ἐλπὶς’
1664 1131 1851 1182 ἐμπατεῖ

955 1200 1027 1250 ἕως
1061 1200 1108 1244 ἄν
1140 1201 1239 1256 αἴθῃ
1273 1205 1351 1255 πῦρ
1383 1203 1451 1255 ἐφ’
1477 1202 1615 1250 ἑστίας
1648 1203 1748 1254 ἐμῆς

958 1271 1170 1324 Αἴγισθος.

421 1344 742 1398 Clytaemestra
789 1346 908 1388 hisce
954 1347 1154 1389 versibus
1199 1361 1246 1388 se
1294 1346 1536 1403 Aegistheo
1582 1348 1758 1389 vivente
1799 1348 1903 1389 nihil
1936 1350 2075 1391 vereri

360 1417 564 1468 affirmat,
609 1418 833 1459 subaudiri
881 1424 1030 1460 tamen
1077 1419 1258 1472 iureque
1308 1419 1491 1460 iurando
1534 1419 1740 1460 affirmari
1771 1420 1943 1461 videtur
1973 1433 2074 1473 pro-

362 1489 557 1539 missurn,
606 1490 726 1543 quod
774 1503 875 1541 vox,
925 1504 1038 1544 quae
1086 1497 1153 1531 est
1186 1485 1254 1536 ἕως
1286 1491 1391 1532 satis
1424 1491 1599 1532 indicat.
1634 1490 1767 1544 Quod
1798 1492 1855 1532 ad
1886 1492 2074 1534 formam

360 1561 482 1612 (dicit
529 1561 644 1601 enim
692 1559 897 1617 ἐμπατεῖ)
954 1562 1019 1603 ius
1068 1562 1297 1604 iurandum
1345 1569 1411 1604 est
1459 1563 1770 1614 assertorium;
1819 1577 1931 1617 quae
1979 1564 2074 1606 eius

361 1633 505 1673 verbis
537 1633 815 1674 continentur
849 1634 1115 1686 promissum
1147 1635 1286 1689 magis
1318 1640 1420 1676 sunt
1451 1634 1666 1676 habenda.

419 1702 504 1758 Ag.
559 1705 680 1757 1567.
731 1703 863 1758 Quod
909 1706 965 1746 ad
1010 1707 1142 1747 verba
1175 1706 1366 1758 pertinet
1398 1708 1463 1748 ius
1495 1706 1726 1748 iurandum
1757 1706 1842 1748 hoc
1874 1706 1975 1748 loco
2005 1713 2073 1749 est

359 1776 656 1817 assertorium.
690 1774 769 1825 ἐγὼ
802 1770 922 1817 δὀὖν
954 1773 1099 1824 ἐθέλω,
1134 1777 1274 1831 inquit
1307 1776 1670 1830 Clytaemnestra,
1700 1809 1709 1818 .
1745 1809 1754 1819 .
1787 1809 1797 1819 .
1833 1811 1841 1819 .
1869 1774 1971 1819 τάδε
2000 1777 2074 1828 μὲν

359 1844 552 1897 στέργειν,
610 1861 876 1902 quamquam
934 1849 1199 1901 promissum
1246 1849 1469 1890 subaudiri
1516 1856 1699 1903 apparet
1744 1863 1801 1890 ex
1848 1850 1911 1901 iis,
1960 1864 2074 1905 quae

360 1925 629 1972 sequuntur:
678 1915 700 1959 ὅ
741 1917 783 1958 δέ
831 1917 976 1967 λοιπόν,
1026 1917 1116 1960 ἰόντ’
1161 1919 1205 1960 ἐκ
1247 1918 1369 1961 τῶνδε
1410 1918 1539 1970 δόμων
1572 1918 1704 1969 ἄλλην
1735 1918 1875 1970 γενεάν
1905 1919 2071 1973 τρίβειν.

359 1988 533 2045 (δαίμονι
580 2004 639 2032 sc.
690 1988 982 2031 Πλεισθενιδῶν
1028 1992 1082 2033 cf.
1133 1993 1242 2044 1568
1249 2024 1481 2033 ......
1515 1989 1642 2044 ὅρκους
1689 1990 1874 2049 θεμένη).
1923 1994 2072 2036 Rebus

358 2062 501 2103 adhuc
544 2062 670 2104 factis
712 2064 860 2118 regina
891 2070 1099 2105 contenta
1132 2077 1230 2105 esse
1262 2064 1366 2116 vult,
1400 2065 1642 2106 dummodo
1673 2065 1862 2107 daemon
1895 2078 2073 2120 quoque

361 2133 518 2175 dehinc
549 2148 575 2175 a
606 2134 741 2176 domo
773 2148 850 2176 sua
884 2136 1074 2177 recedat.

419 2204 550 2247 Eum.
598 2216 684 2258 432
734 2207 894 2248 chorus
939 2207 1235 2249 Eumenidum
1281 2208 1337 2249 de
1386 2207 1576 2250 Oreste:
1625 2205 1735 2259 ὅρκον
1765 2207 1807 2248 οὐ
1840 2205 1990 2256 δέξαιτ’
2022 2205 2072 2249 ἄν

359 2278 511 2331 inquit,
562 2276 604 2318 οὐ
651 2275 782 2318 δοῦναι
831 2276 961 2319 θέλοι.
1011 2276 1231 2330 πρόκλησις
1277 2277 1330 2326 εἷς
1378 2276 1484 2331 ὅρκον
1501 2277 1541 2334 3)
1591 2281 1634 2321 in
1666 2280 1740 2321 lite
1771 2293 1884 2334 quae
1914 2281 2073 2323 dicitur

360 2349 468 2390 haee
514 2355 594 2390 est.
642 2349 882 2396 Postulant,
929 2356 978 2391 ut
1024 2351 1117 2392 iure
1165 2351 1347 2392 iurando
1397 2365 1444 2392 se
1492 2357 1679 2392 matrem
1726 2364 1815 2393 non
1847 2352 2073 2394 necavisse

360 2419 549 2461 affirmet
595 2421 837 2475 iniuriaque
883 2435 908 2462 a
948 2421 1089 2463 Furiis
1133 2422 1298 2478 agitari,
1332 2423 1376 2464 id
1407 2423 1528 2476 quod
1562 2423 1707 2464 facere
1738 2435 1827 2464 non
1860 2429 2010 2476 potest
2027 2420 2071 2475 ἕ).

362 2489 493 2532 Eum.
522 2505 584 2533 vs.
617 2500 701 2545 435
737 2493 793 2535 de
825 2493 983 2534 eodem
1016 2494 1100 2534 hoc
1133 2494 1379 2536 iuramento
1411 2507 1557 2535 sermo
1589 2501 1670 2536 est.

422 2561 553 2605 Eum.
586 2564 686 2614 488.
719 2563 896 2606 Athena
927 2563 1042 2614 ὑμεῖς
1075 2563 1118 2605 δέ
1151 2563 1369 2617 μαρτύρια,
1402 2567 1536 2615 iubet,
1569 2581 1614 2606 τε
1643 2564 1710 2607 καὶ
1743 2567 1938 2618 τεκμήρια

725 2634 920 2677 καλεῖσθ’
952 2635 1094 2688 ἀρωγοὶ
1125 2641 1197 2685 τῆς
1230 2635 1340 2685 δίκης
1371 2636 1607 2688 ὁρκώματα.

413 2793 448 2834 1)
484 2791 541 2827 Ita
578 2801 666 2827 eum
692 2791 841 2827 Weckl.
868 2790 1074 2836 (Orestiae.
1102 2802 1138 2837 p.
1170 2791 1259 2834 ιιι).
1287 2790 1638 2827 Weckl.—Vitelli:
1666 2793 1701 2825 τὸ
1726 2797 1763 2833 μ’
1777 2790 1903 2826 εἳδένοιι.
1933 2792 2072 2828 Lectio

362 2862 497 2897 parum
524 2857 689 2888 constat.
716 2851 764 2887 cf.
791 2851 840 2886 de
866 2851 942 2886 hoc
969 2851 1056 2886 loco
1079 2855 1198 2896 caput
1224 2851 1455 2896 proximum.

411 2917 448 2948 2)
474 2910 622 2946 Wecki.
650 2910 845 2953 (Orestiae
873 2922 908 2956 p.
930 2915 1009 2955 125)
1031 2915 1147 2956 nputat
1172 2921 1248 2945 vss.
1281 2912 1463 2955 1435—38
1491 2915 1630 2956 postea
1657 2921 1744 2946 esse
1771 2911 1938 2953 additos,
1966 2911 2072 2957 quod

362 2970 395 3005 si
422 2970 477 3005 ita
502 2975 572 3012 est,
600 2971 658 3005 ius
684 2970 888 3005 iurandum
917 2971 1054 3016 incipit
1083 2980 1195 3013 1439:
1223 2970 1330 3002 κεῖται
1354 2971 1504 3008 γυναικὸς
1529 2969 1628 3007 τῆσδε
1654 2968 1864 3011 λυμαντήριος
1890 2981 1976 3016 sqq.

411 3030 444 3073 3)
471 3030 519 3064 cf.
547 3030 595 3064 de
622 3030 695 3065 hac
722 3040 762 3064 re
791 3030 1090 3075 Schbm—Lips.
1119 3029 1183 3066 Gr.
1210 3029 1374 3064 Alterth.
1401 3029 1443 3070 1⁴,
1469 3041 1508 3075 p.
1535 3039 1617 3074 530.

411 3087 447 3134 4)
474 3088 713 3124 Scholiastes
752 3089 987 3135 adscripsit:
1027 3089 1135 3132 οὕτως,
1172 3089 1264 3133 φησί,
1302 3090 1436 3130 Φανερόν
1473 3089 1558 3120 ἐστίν
1595 3093 1630 3123 τὸ
1669 3094 1746 3121 κατ’
1783 3090 1880 3121 αὐτὸν
1913 3089 1952 3125 ὡς
1987 3087 2074 3130 μήτε

363 3146 464 3180 αὐτὸν
502 3146 659 3180 δύνασθαι
697 3149 813 3190 ὀμόσαι
839 3148 887 3181 ὅτι
913 3147 971 3181 οὐκ
994 3146 1065 3181 ’ἐστι
1092 3150 1247 3187 τοιοῦτος,
1271 3146 1350 3190 μήτε
1375 3147 1479 3180 θέλειν
1500 3148 1586 3189 ὅρκον
1610 3148 1695 3191 ἡμᾶς
1719 3148 1867 3191 αἰτῆσαι,
1893 3147 1921 3180 εἴ
1945 3147 2075 3186 δικαίως

363 3205 465 3239 αὐτὸν
491 3204 673 3249 κολάζομεν
699 3207 748 3243 cf.
776 3208 917 3243 Aesch.
946 3207 1272 3245 Weckl.—Vitelli
1298 3219 1334 3253 p.
1361 3217 1440 3252 435.
