2392 3750
1261 286 1318 328 80

493 417 684 461 Helenae
717 427 814 470 347.
849 416 1018 458 Helena
1051 415 1267 458 Eurotam
1298 416 1533 458 invocans:

907 486 949 528 σὲ
983 484 1065 538 γαρ
1096 485 1286 534 ἐκάλεσα,
1318 487 1549 538 exclamat,
1582 486 1625 527 σὲ
1657 484 1698 527 δὲ
1729 484 1942 537 κατόμοσα

906 557 973 599 τὸν
1006 556 1189 609 ὑδρόεντα
1223 556 1358 598 δόνακι
1393 556 1549 609 χλωρὸν

909 627 1117 681 Εὐρώταν,
1155 627 1348 676 θανόντος
1380 629 1413 670 εἱ
1444 627 1567 679 βάξις

908 699 1055 751 ἔτυμος
1087 699 1223 752 ἀνδρὸς
1254 697 1282 743 α’
1313 699 1356 742 δέ
1388 714 1457 751 μοι

907 771 1039 828 φόνιον
1075 771 1261 824 αἰώρημα

908 843 976 886 δια
1007 843 1118 896 δέρης
1150 842 1339 896 ὀρέξομαι
1365 858 1461 899 sqq.

488 919 646 962 Iuravit
689 919 820 973 igitur
863 918 1004 971 ipsam
1036 931 1084 959 se
1116 931 1193 958 sua
1226 930 1357 958 manu
1389 917 1743 969 interfecturam
1775 917 1811 958 si
1843 916 1959 958 fama
1990 917 2145 958 mortis

429 991 614 1033 Menelai
646 990 775 1031 allata
807 989 865 1034 sit.
895 1002 1011 1042 vera,
1043 988 1248 1043 laqueum
1281 987 1499 1029 letiferum
1516 987 1628 1029 collo
1647 988 1728 1029 sibi
1746 989 1907 1029 iniciet.
1939 986 2145 1030 Mulieres

428 1063 605 1118 quando
647 1061 733 1103 tale
776 1061 882 1115 quid
925 1073 1085 1115 magno
1117 1060 1269 1101 dolore
1302 1066 1566 1107 commotae,
1601 1060 1762 1101 mentis
1794 1059 1868 1101 vix
1901 1065 2143 1113 compotes,

428 1135 660 1185 affirmant,
695 1133 799 1187 quin
833 1146 911 1186 per
943 1132 1046 1173 iuris
1079 1132 1248 1173 iurandi
1279 1131 1511 1173 formulam
1543 1132 1778 1180 affirmant,
1798 1137 2144 1172 consentaneum

428 1214 496 1248 est
530 1205 660 1260 vulgo
693 1218 781 1246 non
814 1204 951 1246 multa
982 1204 1090 1245 haec
1122 1203 1278 1254 valere,
1298 1203 1377 1244 sed
1394 1203 1527 1244 etiam
1545 1209 1646 1256 post
1665 1216 1724 1243 sc.
1746 1216 1807 1243 vs.
1828 1204 1908 1255 835
1929 1202 2144 1244 Helenam

427 1278 628 1320 audimus
671 1277 819 1327 vitam,
863 1276 943 1317 soli
985 1276 1069 1317 sibi
1111 1276 1147 1316 si
1177 1275 1379 1329 degenda
1410 1275 1479 1324 sit,
1513 1275 1635 1328 parvi
1667 1275 1841 1324 ducere,
1875 1275 2038 1328 quippe
2069 1273 2146 1316 ubi

427 1349 629 1391 Menelao
661 1354 831 1389 narret:
865 1346 964 1388 αλλ’
999 1345 1123 1397 ἁγνὸν
1156 1343 1262 1398 ὅρκον
1293 1345 1358 1386 σὸν
1389 1343 1495 1397 κάρα
1522 1344 1759 1395 κατώμοσα.
1794 1345 1913 1398 Quid
1939 1346 2146 1387 iuraverit

427 1422 586 1463 deinde
604 1435 629 1461 a
648 1419 849 1462 Menelao
866 1419 1104 1472 accipimus
1122 1424 1328 1474 rogante:
1348 1415 1391 1458 τί
1407 1416 1513 1471 <pm-3
1532 1414 1751 1458 θανεῖσθαι
1768 1418 1930 1459 κοῦποτ’
1949 1413 2146 1466 ἀλλάξειν

427 1490 561 1545 λέχης
594 1492 638 1533 id
670 1492 791 1546 quod
822 1490 992 1532 Helena
1022 1490 1228 1541 affirmat,
1261 1490 1372 1531 suis:
1407 1488 1543 1541 ταύτῷ
1577 1486 1690 1541 ξίφει
1722 1503 1771 1538 γε
1802 1486 1988 1538 κείσομαι
2016 1486 2059 1529 δὲ
2075 1489 2144 1530 σοῦ

427 1563 563 1610 πέλας
586 1563 632 1617 ¹),
666 1564 771 1617 quin
805 1564 891 1614 839
922 1563 1079 1604 iterum
1113 1562 1229 1603 idem
1261 1560 1462 1602 Menelao
1496 1561 1747 1614 postulante
1780 1561 1970 1602 affirmat
1987 1561 2145 1602 dextra

427 1639 542 1679 data.
577 1635 754 1676 Atrides
787 1635 827 1675 ei
860 1635 999 1676 credit
1033 1640 1076 1675 et
1109 1634 1268 1675 deinde
1303 1646 1403 1674 cum
1436 1646 1487 1674 ea
1519 1634 1575 1674 de
1606 1633 1776 1674 ratione
1807 1632 2021 1674 moriendi
2052 1630 2145 1674 sola

426 1709 652 1751 deliberat.
686 1706 763 1748 Vs.
800 1714 883 1758 347
918 1706 1049 1760 igitur
1083 1705 1138 1746 de
1170 1718 1275 1745 vero
1309 1705 1554 1746 iuramento
1586 1718 1732 1745 sermo
1766 1717 1865 1745 esse
1898 1704 2082 1745 videtur.

488 1804 542 1810 -
574 1787 682 1832 977:
721 1778 819 1831 Ipse
850 1777 1077 1818 Menelaus
1109 1773 1228 1828 ὅρκοις
1253 1772 1495 1825 κεκλῄμεθ’,
1514 1776 1729 1830 inquiens,
1747 1773 1897 1827 πρώτον
1915 1773 1988 1824 μὲν
2006 1771 2144 1816 ἐλθεῖν

427 1866 539 1906 sqq.‚
572 1852 664 1892 iure
696 1850 879 1892 iurando
912 1862 960 1890 se
992 1849 1281 1890 constrictum
1315 1861 1412 1889 esse
1444 1854 1602 1898 narrat,
1622 1860 1711 1901 quo
1729 1847 1868 1902 magis
1880 1847 2144 1899 persuadeat

426 1923 580 1979 virgini
612 1936 659 1963 se
691 1922 922 1972 facturum,
956 1921 1076 1974 quod
1108 1920 1298 1960 minetur
1330 1920 1354 1960 i.
1389 1933 1425 1960 e.
1459 1915 1595 1959 ἐλθεῖν
1618 1915 1685 1959 διὰ
1702 1915 1853 1969 μάχης
1869 1916 1923 1969 σῷ
1942 1915 2142 1969 συγγόνῳ,

426 1995 547 2049 quod
580 1994 645 2046 iis,
694 2006 807 2047 quae
839 1998 1105 2046 sequuntur:
1152 1988 1328 2031 κάκεῖνον
1361 1989 1381 2038 ἥ
1413 1988 1465 2039 μὲ
1496 1988 1559 2030 δεῖ
1584 1986 1735 2036 θανεῖν,
1768 1989 1853 2030 iam
1885 1989 2142 2030 affirmatur.

484 2065 682 2107 Electrae
710 2074 780 2115 43.
814 2063 1042 2119 Auturgus
1075 2063 1297 2104 Venerem
1329 2068 1530 2115 testatus,
1565 2061 1755 2103 affirmat
1788 2059 2023 2112 Electram,
2040 2059 2142 2102 licet

425 2140 507 2180 sibi
553 2144 749 2191 nuptam,
798 2136 941 2177 adhuc
989 2148 1087 2176 esse
1130 2141 1309 2176 castam.
1353 2133 1455 2188 Quo
1492 2147 1586 2175 rem
1628 2133 1766 2189 magis
1808 2133 1980 2185 probet,
2012 2132 2142 2174 deam

425 2210 690 2253 matrimonii
721 2209 940 2259 tutricem,
973 2213 1135 2248 testem
1167 2206 1357 2247 invocat.

485 2279 746 2322 Hiketidum
781 2280 865 2333 258
897 2293 991 2333 sqq.
1026 2278 1244 2320 Adrastus
1277 2278 1459 2319 chorum
1491 2283 1599 2325 orat,
1634 2283 1696 2329 ut,
1723 2276 1911 2317 testibus
1927 2275 2141 2317 invocatis

425 2353 586 2396 Cerere
618 2359 662 2394 et
694 2352 858 2394 lumine
890 2351 1006 2399 solis,
1040 2351 1260 2391 affirment
1293 2349 1343 2395 ὡς
1375 2347 1483 2389 οὐδὲν
1517 2349 1646 2402 (ἡμῖν)
1678 2346 1847 2398 ἤρκεσαν
1881 2345 1989 2387 λιταὶ
2022 2344 2139 2388 θεῶν.

424 2425 532 2467 Tale
565 2426 858 2466 iuramentum
890 2423 979 2463 vim
1010 2435 1214 2477 magnam
1246 2435 1334 2462 non
1366 2420 1529 2461 habere
1563 2418 1689 2461 facile
1706 2419 1982 2473 intellegitur.
2014 2418 2141 2472 Quae

426 2497 585 2540 chorus
618 2495 908 2550 responderit,
948 2507 1037 2536 non
1069 2495 1216 2535 omnia
1247 2493 1424 2543 scimus,
1458 2492 1559 2546 quia
1591 2490 1949 2532 verisimillimum
1981 2497 2062 2542 est,
2095 2490 2140 2532 id

424 2569 545 2624 quod
577 2569 672 2621 ipse
704 2569 945 2608 contextus
977 2566 1185 2614 ostendit,
1219 2577 1371 2605 versus
1403 2562 1637 2604 nonnullos
1669 2562 1901 2604 excidisse.

485 2663 541 2670 —
590 2649 713 2692 1174.
757 2638 958 2680 Theseus
1000 2638 1093 2679 iure
1134 2636 1332 2684 iurando,
1373 2647 1639 2689 quamquam
1683 2635 1861 2675 minime
1902 2633 1986 2674 hoc
2026 2646 2139 2687 opus

425 2717 531 2763 erat,
574 2711 763 2752 affirmat
806 2723 854 2751 se
895 2708 1120 2750 beneficiis
1159 2709 1328 2763 magnis
1360 2707 1562 2748 affecisse
1594 2705 1798 2760 Argivos,
1831 2706 1995 2759 quippe
2025 2717 2139 2759 quae

423 2785 628 2825 omnibus
660 2787 810 2823 essent
840 2786 1039 2834 pernota.

483 2853 750 2908 Hippolytus
802 2852 1028 2908 tragoedia
1074 2864 1187 2905 quae
1228 2850 1490 2900 inscribitur,
1537 2849 1750 2902 imprimis
1798 2861 2002 2903 magnam
2034 2848 2138 2889 iuris

422 2927 591 2969 iurandi
621 2925 929 2968 auctoritatem
960 2924 1106 2965 docet.
1139 2917 1435 2964 Iuramentum
1467 2922 1583 2963 enim
1610 2926 1690 2973 est,
1709 2920 1829 2974 quod
1846 2918 2138 2973 Hippolytum

474 3105 506 3147 ι)
528 3115 564 3150 p.
591 3103 749 3139 LXVIII
774 3101 968 3138 Editionis
995 3111 1088 3136 suae
1113 3101 1249 3136 Nauck
1275 3099 1437 3135 adnotat
1465 3109 1498 3133 a.
1514 3098 1555 3134 1.;
1587 3097 1701 3140 ταύτῷ
1728 3098 1914 3143 ineptum.
1939 3101 1987 3136 τῷ
2013 3100 2059 3139 σῷ
2076 3095 2137 3132 vel

420 3161 529 3204 τούτῳ
569 3163 866 3198 Rauchenstein.
906 3162 984 3198 Cur
1017 3162 1068 3197 sit
1102 3162 1288 3206 ineptum,
1315 3170 1394 3196 non
1419 3158 1615 3205 intellego.
1642 3158 1792 3193 Helena
1821 3168 1863 3193 se
1891 3157 2033 3204 gladio,
2057 3166 2137 3203 quo

421 3223 582 3258 maritus
609 3223 806 3265 morietur,
835 3221 983 3257 obiciet
1008 3230 1164 3267 unaque
1191 3229 1279 3255 cum
1307 3229 1355 3255 eo
1383 3219 1581 3254 morietur.
