2326 3718
1080 314 1160 358 117

317 439 473 481 Phoen.
520 441 601 491 481
654 451 751 492 sqq.
800 437 905 491 quid
936 437 1058 479 fratri
1087 435 1257 478 Eteocli
1289 435 1548 489 Polyneices
1582 435 1745 476 obiciat
1777 434 1972 487 quidque

260 513 527 566 respondeat
574 510 644 552 ille
684 508 788 563 (vss.
826 519 922 562 524,
960 513 1058 562 525)
1089 508 1174 549 iam
1206 509 1555 550 demonstratum
1588 513 1668 547 est.
1717 506 1974 559 Polyneices

260 583 523 637 Euripideus
569 595 748 635 prorsus
796 587 863 623 est
910 580 1018 622 alius
1066 585 1199 632 atque
1247 580 1312 620 vir
1355 578 1439 629 ille,
1486 590 1618 631 quem
1649 577 1896 630 Aeschylus
1929 578 1972 618 in

259 655 486 711 tragoedia
533 667 611 695 sua
656 650 797 693 Ἑπτὰ
844 650 908 692 ἐπὶ
938 649 1086 703 Θήβας
1117 663 1231 703 quae
1263 650 1524 700 inscribitur,
1552 649 1763 704 depingit.
1796 648 1877 690 Est
1909 649 1973 690 vir

260 729 400 769 iustus
441 733 573 778 atque
615 726 726 778 pius,
759 724 965 766 Eteocles
996 730 1150 764 contra
1181 722 1377 775 perfidus
1408 734 1552 775 neque
1584 720 1765 762 huiusce
1797 721 1859 762 rei
1891 721 1974 762 sibi

259 811 346 840 non
383 798 597 839 conscius.
647 796 820 839 Chorus
851 809 877 836 a
909 795 1106 848 partibus
1137 801 1226 836 stat
1257 793 1503 846 Polyneicis
1536 792 1857 845 manifesteque
1887 791 1971 833 hoc

257 869 466 911 ostendit.
485 867 519 922 1)
551 868 630 910 Vir
662 868 861 921 periurus
891 880 917 908 a
948 866 1066 908 nullo
1097 865 1360 907 defenditur.

318 940 439 982 Idem
483 939 601 980 hisce
643 939 943 989 consideratis,
981 938 1098 991 apud
1131 937 1385 990 Euripidem
1417 949 1628 989 apparere
1661 935 1768 978 mihi
1799 935 1973 977 videtur

256 1018 389 1064 atque
420 1012 538 1064 apud
568 1010 836 1064 Sophoclem
857 1024 864 1051 :
885 1009 954 1051 Ius
971 1009 1200 1051 iurandum
1218 1021 1306 1050 non
1324 1021 1478 1050 omnes
1495 1013 1686 1058 servant,
1704 1019 1971 1060 quamquam

256 1083 386 1139 longe
426 1082 620 1137 plurimis
651 1081 758 1123 locis
790 1082 861 1135 pie
893 1087 1104 1123 servatur.
1137 1080 1397 1133 Plerumque
1428 1079 1666 1133 periurium
1699 1080 1972 1132 improbatur

257 1167 390 1208 quam
423 1155 629 1204 maxime,
665 1167 764 1195 cum
796 1154 913 1206 apud
943 1151 1212 1206 Sophoclem
1243 1157 1338 1193 tum
1364 1152 1408 1193 in
1425 1152 1689 1193 carminibus
1708 1150 1969 1204 Euripideis.

256 1226 357 1268 Non
388 1226 540 1267 iniuria
571 1225 779 1280 gloriatur
811 1224 958 1266 Isaeus
994 1225 1148 1266 urbem
1180 1237 1304 1265 suam
1337 1237 1435 1265 esse
1471 1220 1770 1280 εὐσεβεστάτην
1789 1221 1822 1276 2)
1841 1223 1970 1278 longe

255 1310 342 1350 que
383 1297 614 1352 Lycurgus
637 1293 668 1346 3)
699 1295 992 1337 Athenienses
1023 1294 1116 1336 aliis
1147 1294 1321 1348 populis
1353 1295 1616 1336 antecedere
1649 1294 1754 1336 dicit
1785 1293 1841 1345 τῷ
1874 1294 1970 1346 πρὸς

255 1383 302 1410 τε
334 1367 424 1415 τοὺς
455 1365 573 1414 θεοὺς
604 1364 782 1414 εὐσεβῶς
814 1366 883 1407 καὶ
917 1365 1016 1417 πρὸς
1047 1364 1139 1413 τοὺς
1170 1369 1296 1414 γονεῖς
1327 1364 1438 1412 ὁσίως
1468 1364 1538 1407 καὶ
1569 1365 1666 1418 πρὸς
1692 1367 1764 1412 τὴν
1783 1365 1970 1418 πατρίδα

256 1438 483 1494 φιλοτίμως
514 1438 532 1480 ἒ
536 1453 639 1490 χειν.
675 1439 905 1482 Praeterea
937 1451 1094 1494 magna
1113 1439 1352 1480 auctoritas
1369 1450 1481 1491 quae
1499 1438 1673 1491 publice
1689 1438 1769 1479 iuri
1787 1439 1970 1480 iurando

253 1512 441 1554 Athenis
482 1512 769 1563 tribuebatur,
802 1510 917 1552 haud
950 1511 1082 1552 dubie
1114 1510 1294 1563 profuit,
1328 1515 1377 1551 ut
1408 1509 1582 1563 publice
1614 1509 1769 1552 saltem
1801 1511 1970 1563 absque

252 1586 317 1633 iis,
350 1584 424 1637 qui
456 1584 759 1639 magistratum
791 1581 1013 1636 publicum
1046 1582 1170 1634 quasi
1202 1581 1423 1623 habebant
1455 1580 1573 1623 velut
1591 1583 1735 1635 poetis
1751 1582 1794 1622 in
1812 1595 1971 1624 scaena

254 1655 484 1698 coleretur.
517 1655 576 1706 Id,
611 1655 730 1707 quod
763 1654 902 1696 multo
934 1660 1035 1707 post
1051 1653 1208 1696 Cicero
1226 1650 1258 1707 ¹¹)
1279 1654 1413 1704 dixit;
1446 1653 1646 1706 „periurii
1664 1667 1807 1706 poena
1824 1654 1970 1696 divina

253 1728 450 1778 exitium,
497 1727 686 1768 humana
718 1726 912 1767 dedecus
928 1724 991 1778 5)”
1025 1739 1049 1767 e
1079 1725 1316 1780 tragoediis
1347 1725 1464 1766 idem
1495 1725 1710 1778 apparuit.
1756 1723 1969 1778 Quaestio

252 1806 402 1841 tamen
434 1805 515 1852 est,
549 1811 653 1840 rene
686 1811 789 1839 vera
823 1797 904 1839 hae
938 1810 1108 1851 poenae
1144 1797 1315 1839 divinae
1346 1796 1584 1848 solvantur,
1617 1809 1672 1838 an
1705 1797 1848 1839 minae
1881 1799 1967 1841 sint

253 1871 418 1912 inanes.

314 1941 413 1985 Uno
459 1947 631 1983 tantum
663 1940 762 1982 loco
794 1941 1040 1996 tragoedias
1072 1941 1147 1993 qui
1178 1941 1365 1994 inspicit,
1398 1953 1564 1994 poenas
1596 1941 1876 1983 imminentes
1908 1943 1967 1983 in-

254 2013 412 2055 cidisse
460 2014 552 2054 viro
597 2013 772 2066 periuro
814 2013 947 2053 etiam
980 2012 1125 2054 videt:
1169 2012 1295 2054 Iason
1337 2024 1468 2064 quam
1502 2013 1757 2067 gravissime
1789 2013 1967 2066 punitus

253 2091 335 2134 est,
384 2099 465 2127 nec
515 2085 609 2126 sine
657 2083 839 2126 consilio
887 2084 1070 2125 deorum
1113 2084 1198 2125 hoc
1230 2084 1395 2126 factum
1427 2097 1526 2125 esse
1559 2084 1643 2126 iam
1677 2085 1966 2126 ostendimus.

253 2155 353 2198 Non
401 2157 482 2198 fuit
528 2156 698 2203 Medea,
747 2168 860 2208 quae
901 2157 1049 2197 omnia
1091 2155 1203 2197 mala
1235 2156 1274 2196 ei
1308 2156 1500 2207 immisit,
1539 2156 1619 2198 fuit
1651 2157 1779 2198 deus:
1812 2159 1914 2208 ἔοιχ’
1949 2155 1966 2197 o‘

252 2225 420 2277 δαίμων,
484 2229 575 2269 iure
623 2227 783 2268 chorus
830 2233 994 2274 monet,
1044 2225 1183 2268 πολλα
1220 2225 1306 2278 τῇδ’
1351 2226 1388 2267 ἐν
1431 2225 1559 2280 ἡμέρᾳ
1590 2226 1702 2268 κακοὶ
1747 2225 1966 2277 ξυνάπτειν

253 2297 411 2346 ἐνδίκως
445 2297 599 2340 Ἰάσονι.

312 2371 517 2413 Eteocles
563 2384 668 2412 sane
715 2371 906 2412 moriens
952 2363 1141 2424 poenam
1187 2371 1262 2412 dat
1308 2370 1517 2423 perfidiae
1564 2383 1696 2412 suae:
1730 2383 1829 2412 cum
1861 2385 1966 2413 vero

252 2442 509 2496 Polyneices
543 2455 720 2495 quoque
753 2449 942 2484 mortem
975 2443 1120 2492 obeat,
1155 2455 1242 2483 non
1276 2449 1458 2495 apparet
1492 2442 1596 2484 iuris
1628 2443 1796 2484 iurandi
1818 2443 1966 2485 violati

253 2527 384 2556 causa
416 2527 515 2555 eum
549 2515 762 2556 cecidisse
795 2527 939 2567 neque
972 2514 1056 2555 hoc
1088 2520 1222 2567 poeta
1253 2515 1399 2555 docet.

312 2585 380 2627 De
433 2592 577 2627 morte
606 2586 783 2636 Lichae,
816 2598 949 2638 quem
982 2587 1098 2627 fama
1129 2586 1261 2627 tradit
1293 2587 1347 2627 ab
1381 2584 1570 2628 Hercule
1601 2585 1753 2627 dolore
1784 2591 1965 2628 caecato

253 2658 296 2699 in
327 2670 446 2699 mare
478 2658 723 2711 proiectum
756 2670 854 2699 esse
877 2655 912 2713 ⁰)
945 2657 1049 2699 nihil
1080 2656 1324 2711 Sophocles
1356 2663 1515 2699 narrat.

306 2823 338 2866 1)
364 2821 412 2859 Cf.
439 2833 494 2859 vs.
521 2833 589 2868 497
615 2834 725 2870 sqq,:
751 2823 823 2864 ἐμοὶ
847 2822 917 2868 μίν,
943 2823 972 2856 εἰ
999 2826 1051 2856 καὶ
1077 2824 1123 2864 μὴ
1149 2825 1226 2855 καθ’
1254 2822 1414 2861 Ἑλλήνων
1439 2825 1551 2865 χθόνα

751 2882 970 2925 depastura,
997 2883 1074 2915 ἀλλ’
1098 2880 1152 2915 οὖν
1178 2882 1297 2923 ξυνετά
1322 2895 1377 2923 μοι
1406 2882 1508 2922 δοκεῖς
1533 2882 1652 2926 λέγειν.

303 2942 337 2984 2)
365 2941 412 2978 cs.
440 2941 536 2977 Isaei
563 2941 629 2978 Or.
656 2942 717 2985 vl,
744 2953 801 2986 ⁴9·

303 3001 338 3047 3)
364 3000 409 3037 cs.
448 3001 563 3048 Lyc.
606 3012 641 3047 p.
686 3007 983 3048 15.praeterea
1022 3002 1373 3044 Aeschin.111‚
1416 3013 1502 3046 ¹29;
1541 3003 1818 3039 Demarch.
1857 3004 1882 3047 1,
1906 3006 1963 3048 87.

255 3060 364 3096 Plura
389 3060 570 3107 exempla
596 3060 708 3096 affert
735 3062 806 3097 Me
823 3071 923 3104 υεε,
952 3062 1057 3098 Neue
1082 3062 1207 3108 Jahrb⁴
1242 3072 1317 3106 ¹39,
1344 3073 1380 3108 p.
1407 3065 1486 3102 461.

302 3125 339 3162 4)
368 3120 415 3156 cf.
444 3120 503 3156 De
530 3120 627 3167 legg.
656 3120 697 3163 11,
728 3132 782 3157 22.

302 3183 339 3224 5)
367 3179 414 3215 cf.
442 3179 484 3216 fr.
511 3179 630 3225 Soph.
656 3189 748 3223 ⁴3¹3
776 3179 913 3217 Trach.
942 3190 1024 3227 ⁴5⁴·

302 3239 339 3282 6)
366 3238 414 3274 cs.
442 3237 588 3274 P<-w.
616 3238 637 3274 i.
664 3250 698 3274 v.
727 3239 934 3287 Euripides
960 3241 1020 3284 lv,
1048 3240 1119 3277 col.
1151 3244 1250 3284 ¹⁰⁴8·
