2392 3750
1140 289 1194 341 87

307 429 375 465 est
409 423 743 473 munimentum,
776 421 972 463 veritatis
1003 420 1339 462 fundamentum
1373 419 1574 471 solidum,
1609 421 1678 461 cui
1709 433 1888 473 prorsus
1920 434 2024 462 con-

306 495 427 545 fidat,
459 507 541 536 nec
573 495 730 535 mirum
762 493 894 548 igitur
925 505 1036 545 eam,
1069 492 1161 533 iure
1182 492 1366 533 iurando
1382 492 1502 543 dato,
1521 487 1662 532 πάντα
1678 489 1759 542 γὰρ
1776 491 2024 533 exclamare

305 567 440 612 καλῶς
471 564 574 617 ἔχει,
600 566 706 620 quin
738 564 899 614 Iovem,
931 564 1039 605 alios
1071 563 1180 605 deos
1212 563 1422 617 appelans
1454 576 1570 605 nunc
1602 563 1825 604 victricem
1859 577 1907 604 se
1929 564 2024 605 fore

308 637 538 694 gloriatur:

663 709 728 749 νῦν
759 705 981 749 καλλίνικοι
1012 708 1089 746 τῶν
1121 705 1224 756 ἐμῶν
1255 703 1435 758 ἐχθρῶν,
1469 704 1592 759 φίλαι

662 781 728 821 νῦν
759 777 879 825 ἐλπὶς
912 775 1089 830 ἐχθροὺς
1121 776 1213 824 τοὺς
1244 775 1365 828 ἐμοὺς
1396 775 1518 818 τίσειν
1549 775 1658 824 δίκην
1677 775 1722 830 ¹).

364 851 484 893 Toto
527 851 610 892 hoc
651 850 750 892 loco
792 856 975 904 apparet
1017 850 1120 891 iuris
1162 850 1332 891 iurandi
1364 850 1687 898 auctoritatem,
1722 862 1855 903 quam
1887 848 2022 890 minui

305 929 350 964 et
397 922 556 964 chorus
597 929 641 963 et
684 922 854 972 Medea,
894 921 1030 974 ipsius
1062 929 1222 974 poetae
1254 922 1442 962 fortasse
1476 921 1720 962 referentes
1753 920 2020 974 opinionem,

304 1000 560 1049 queruntur,
594 994 791 1035 nondum
825 1006 1004 1046 prorsus
1036 993 1282 1034 evanuisse.

368 1089 420 1095 —
476 1074 600 1118 1059.
647 1065 806 1106 Medea
851 1065 963 1106 iurat
1011 1064 1189 1105 minime
1236 1077 1283 1105 se
1331 1063 1492 1106 liberos
1539 1064 1724 1105 inimicis
1772 1063 2021 1105 relicturam

306 1135 417 1179 male
449 1137 704 1178 tractandos
736 1133 1034 1189 (καθυβρίσαι),
1068 1138 1188 1190 quod
1220 1137 1466 1176 iuramento
1494 1135 1700 1176 affirmari
1732 1148 1821 1177 non
1838 1148 2021 1176 necesse

305 1209 489 1250 videtur.
527 1208 717 1250 Facinus
749 1209 929 1250 foedum
961 1208 1195 1250 admittere
1226 1214 1456 1248 cunctatur
1488 1207 1647 1249 Medea
1678 1207 1849 1262 sibique
1881 1207 2020 1260 ipsam

304 1280 531 1322 audaciam
563 1280 780 1322 eiusmodi
812 1280 981 1335 magnis
1014 1280 1159 1320 verbis
1191 1292 1351 1334 augere
1384 1279 1519 1331 cupit.

369 1349 538 1394 Orestis
570 1353 682 1404 1516
724 1352 789 1393 ius
821 1351 1052 1392 iurandum
1085 1350 1266 1407 Phrygis
1300 1356 1685 1401 commemoratur,
1719 1351 1839 1404 quod
1871 1356 2021 1392 tamen

303 1424 360 1465 ad
393 1424 479 1465 vim
512 1424 743 1465 iuramenti
774 1423 1166 1465 demonstrandam
1199 1422 1377 1463 minime
1410 1429 1479 1463 est
1511 1427 1676 1475 aptum,
1710 1422 1874 1476 quippe
1901 1423 2021 1476 quod

304 1502 486 1549 propter
513 1502 680 1537 metum
713 1496 892 1541 iuretur.

364 1565 536 1621 (Rhesi)
576 1568 663 1618 468
696 1567 978 1608 iactationem
1013 1579 1136 1608 suam
1172 1565 1345 1608 Rhesus
1377 1567 1470 1608 iure
1501 1566 1686 1607 iurando
1716 1572 1885 1607 temere
1916 1578 2022 1606 con-

304 1639 462 1680 firmat.
504 1639 683 1680 Minime
726 1645 874 1679 tamen
911 1637 1080 1680 Hector
1111 1638 1338 1691 promissis
1374 1638 1544 1693 magnis
1576 1638 1669 1679 eius
1702 1636 2019 1689 fidem‘habet3

303 1723 351 1752 se
383 1711 546 1766 gratias
577 1711 660 1752 diis
693 1723 873 1765 magnas
889 1717 1091 1752 acturum
1110 1710 1362 1763 respondet,
1389 1722 1599 1763 praesens
1617 1708 1779 1751 malum
1799 1709 1834 1751 si
1851 1710 2019 1751 abierit.

369 1805 417 1811 -
455 1782 554 1824 816.
601 1781 770 1824 Hector
817 1783 996 1833 iuratus,
1045 1782 1166 1836 quod
1212 1782 1391 1822 minime
1433 1794 1545 1834 opus
1587 1786 1694 1834 erat,
1741 1781 1931 1823 affirmat
1973 1795 2022 1823 se

303 1866 458 1908 graves
491 1866 656 1907 poenas
689 1861 980 1907 sumpturum.
1013 1853 1079 1894 Ira
1096 1853 1330 1895 adducitur
1346 1860 1393 1894 ut
1412 1859 1644 1905 tantopere
1661 1852 1769 1894 haec
1785 1860 2006 1895 asseveret

373 1949 417 1955 —
455 1926 537 1978 825
572 1931 727 1966 contra
758 1926 907 1981 vigiles
939 1925 1065 1966 iurati
1097 1924 1318 1966 affirmant
1352 1925 1612 1965 innocentes
1643 1937 1691 1964 se
1715 1937 1827 1977 esse,
1862 1925 2020 1966 eodem

305 1998 439 2039 modo
470 2005 604 2051 atque
635 1996 750 2039 Creo
779 1997 821 2038 in
849 1997 1075 2053 tragoedia
1101 1995 1349 2049 Sophoclea
1372 1995 1601 2048 „Oedipus
1633 1997 1874 2049 tyrannus”
1908 2009 2020 2050 quae

303 2069 552 2110 inscribitur
571 2067 618 2121 ²).
661 2068 759 2110 Alia
791 2070 961 2110 ratione
993 2070 1297 2110 demonstrare
1329 2080 1418 2108 non
1451 2073 1638 2120 possunt
1670 2067 1826 2108 falsum
1855 2067 2021 2108 crimen

302 2141 386 2183 sibi
417 2140 534 2182 obici
566 2142 823 2195 optimeque
857 2141 939 2194 ipsi
972 2140 1228 2196 intellegunt
1260 2140 1393 2180 verba
1425 2152 1503 2180 sua
1535 2138 1715 2180 refutari
1747 2138 1884 2180 videri
1916 2139 2021 2191 ipsis

303 2212 368 2263 iis,
411 2225 524 2266 quae
566 2212 682 2253 facta
724 2213 825 2253 sint.
873 2211 1085 2253 Iuratisne
1127 2211 1177 2252 iis
1219 2210 1387 2251 Hector
1427 2210 1638 2251 maiorem
1682 2210 1842 2252 habeat
1873 2209 2020 2260 fidem,

302 2297 392 2325 non
433 2291 631 2337 apparet,
663 2284 765 2338 quia
796 2285 946 2338 auriga
978 2283 1197 2324 inducitur
1229 2283 1373 2335 ipsum
1406 2295 1507 2323 eum
1539 2282 1686 2323 caedis
1718 2295 1945 2324 accusans.

363 2379 419 2385 —-
454 2356 508 2408 87
516 2364 535 2408 5
567 2356 716 2410 auriga
733 2356 974 2396 exclamat:
1008 2350 1136 2395 ὄλοιθ’
1156 2351 1353 2404 ὂδροέσοις,
1371 2354 1531 2407 quibus
1550 2354 1694 2395 verbis
1712 2354 1814 2407 quia
1831 2360 2019 2404 veretur,

304 2440 360 2468 ne
393 2426 560 2468 Hector
593 2427 802 2478 laedatur,
834 2427 980 2468 addit:
1013 2425 1054 2466 οὐ
1086 2423 1168 2476 γὰρ
1201 2423 1255 2471 εἷς
1279 2422 1323 2465 σε’
1340 2423 1515 2465 τείνεται
1531 2426 1684 2473 γλῶσσ’
1705 2421 1755 2471 ὥς
1770 2438 1818 2465 συ
1836 2427 2018 2475 κομπεῖς.

303 2498 325 2547 ἦ
374 2497 478 2546 Δίκη
520 2496 555 2538 δ’
573 2497 791 2539 ἐπίσταται
835 2511 917 2539 nec
960 2499 1112 2539 iniuria
1145 2511 1192 2539 se
1225 2503 1424 2550 excusat,
1459 2497 1622 2550 quippe
1654 2497 1728 2550 qui
1755 2496 1886 2550 paulo
1918 2504 2021 2539 ante

305 2583 366 2612 vs.
411 2571 517 2623 837:
564 2572 719 2622 μακροῦ
762 2571 826 2620 γὲ,
868 2570 1108 2611 Hectorem
1152 2567 1432 2622 increpuerit,
1474 2566 1537 2608 δεῖ
1562 2582 1607 2608 σε
1637 2566 1706 2608 καὶ
1739 2569 1866 2621 σοφοῦ
1900 2566 2020 2618 λόγου

305 2639 379 2694 ὅτῳ
418 2657 471 2692 με
513 2640 663 2689 πείσεις
704 2641 762 2692 μὴ
805 2640 954 2695 φίλους
997 2643 1283 2682 κατακτανεῖν.
1326 2640 1431 2682 ideo
1461 2641 1597 2683 verba
1629 2653 1806 2695 quoque
1839 2637 1957 2681 ὄλοιὸ
1990 2639 2020 2682 ’ὃ

303 2711 457 2765 δράσας
488 2715 545 2756 ad
575 2714 765 2756 eundem
798 2715 1019 2767 pertinere
1052 2714 1267 2755 videntur.

365 2783 716 2826 Phoenissamm
758 2795 859 2837 429.
902 2784 1080 2827 Adrasti
1123 2786 1236 2840 regis
1271 2785 1337 2827 ius
1369 2784 1601 2826 iurandum
1633 2791 2019 2835 commemoratur,

305 2869 395 2911 quo
439 2856 658 2910 pollicitus
701 2863 768 2898 est
809 2870 858 2899 se
899 2870 1110 2913 generum
1155 2863 1390 2910 utrumque
1423 2857 1466 2897 in
1502 2857 1687 2910 patriam
1721 2856 2018 2908 reducturum,

305 2928 425 2982 quod
456 2928 600 2970 facere
634 2929 766 2970 etiam
798 2935 994 2979 conatur,
1028 2929 1198 2984 magnis
1229 2941 1329 2970 cum
1362 2928 1500 2980 copiis
1533 2926 1769 2982 multisque
1800 2927 1902 2969 viris
1934 2928 2018 2969 sor-

304 2999 483 3041 tissimis
515 2998 693 3041 Thebas
724 3012 969 3055 aggressus.

356 3163 391 3210 1)
418 3164 467 3203 cf.
494 3176 530 3201 o.
556 3165 578 3204 Ι.
603 3177 658 3202 vs.
687 3168 755 3211 ⁷⁶⁴
777 3178 864 3214 sqq.

355 3225 390 3268 2)
416 3224 463 3261 cs.
491 3236 545 3262 vs.
572 3228 654 3269 ⁶⁴4·
