2392 3750
1098 317 1150 358 91

332 441 439 483 Mihi
479 440 626 483 Hirzel
668 440 840 482 videtur
873 439 1062 494 antiquis
1095 438 1301 480 tribuisse
1333 436 1508 492 aliquid,
1542 437 1663 491 quod
1696 437 1790 490 ipse
1824 435 1989 487 credat,

273 525 362 554 non
403 512 460 553 illi
502 513 705 554 doceant.
755 510 936 564 Optime
973 509 1151 564 quidem
1179 509 1396 563 quadrant
1428 509 1472 549 in
1504 521 1570 558 ea,
1603 521 1717 562 quae
1749 508 1804 548 de
1837 507 1990 548 funda-

274 590 426 625 mento
459 584 560 624 iuris
591 583 760 624 iurandi
791 582 1046 635 disputavit,
1064 581 1144 621 sed
1160 587 1262 621 ante
1280 594 1377 621 eam
1394 580 1499 621 satis
1521 580 1770 621 ostendisse
1788 579 1940 620 videor
1960 576 1993 632 ¹)

275 655 454 696 minime
502 655 581 695 niti
626 653 734 695 haec
781 654 824 694 in
871 653 1153 706 antiquorum
1198 652 1392 705 ipsorum
1436 652 1611 705 scriptis
1653 664 1798 705 neque
1838 650 1908 691 hic
1953 650 1992 690 ei

275 727 512 782 contigisse
544 726 731 772 videtur,
769 731 816 767 ut
848 724 955 766 locis
986 723 1126 765 allatis
1144 722 1177 771 2)
1211 724 1316 764 satis
1333 724 1587 777 opinionem
1605 736 1730 764 suam
1748 722 1993 764 confirmet.

334 798 415 839 Est
447 799 562 839 enim
596 798 662 839 ius
695 797 940 847 iurandum,
974 802 1022 837 ut
1058 810 1115 837 ex
1149 797 1354 837 omnibus
1386 795 1478 837 fere
1511 795 1687 848 scriptis
1713 794 1995 847 antiquorum

275 869 476 923 apparuit
506 866 556 923 ³),
603 869 686 910 Dei
735 868 1001 909 contestatio
1048 868 1105 908 ad
1148 867 1378 909 veritatem
1420 867 1739 916 affirmandam,
1773 878 1993 907 summum

277 941 403 983 huius
419 941 733 982 testimonium.
762 940 968 995 Magnam
985 953 1109 980 suam
1128 940 1437 980 auctoritatem
1454 939 1566 980 hanc
1584 938 1723 979 solam
1741 939 1800 979 ob
1818 950 1995 978 causam

276 1013 423 1062 habet,
457 1014 559 1066 quia
589 1011 783 1065 positum
816 1017 884 1052 est
916 1024 1004 1052 non
1037 1011 1080 1052 in
1112 1011 1304 1062 homine,
1338 1011 1413 1064 qui
1446 1011 1572 1063 iurat,
1607 1011 1686 1052 sed
1718 1010 1761 1051 in
1794 1010 1892 1058 deo,
1921 1010 1996 1063 qui

276 1083 404 1126 testis
435 1083 669 1125 adhibetur
699 1083 862 1137 quique
895 1095 984 1123 non
1016 1081 1206 1123 hominis
1229 1083 1389 1124 iudicio
1407 1083 1645 1135 periurium
1662 1082 1787 1134 punit
1803 1081 1883 1122 sed
1902 1094 1997 1122 suo·

339 1154 673 1198 contestatione
705 1155 776 1195 dei
807 1154 958 1195 addita
990 1153 1092 1195 huic
1125 1167 1195 1195 res
1227 1155 1575 1204 commendatur,
1609 1166 1697 1194 non
1729 1152 1916 1206 amplius
1954 1153 1997 1193 in

279 1233 500 1280 potestate
532 1231 601 1267 est
632 1225 838 1267 hominis.
872 1223 1091 1275 Μαρτυρία
1123 1221 1222 1265 θεοῦ
1241 1221 1274 1275 ⁸)
1309 1232 1388 1276 est,
1422 1239 1509 1279 qua
1540 1225 1670 1280 longe
1702 1230 1746 1265 et
1778 1223 1999 1277 promisso

279 1303 324 1341 et
355 1297 635 1339 affirmationi
667 1298 734 1339 ius
767 1297 998 1339 iurandum
1034 1296 1271 1338 antecellit.

341 1369 614 1410 Promissi
655 1369 733 1419 vis,
767 1368 833 1410 vel
866 1369 1295 1410 affirmationis
1329 1370 1474 1422 posita
1505 1374 1572 1409 est
1605 1368 1648 1409 in
1665 1367 1874 1421 opinione
1891 1367 1998 1419 eius,

281 1442 356 1496 qui
387 1441 644 1494 polliceatur
675 1440 743 1482 vel
776 1440 980 1491 affirmet,
1015 1442 1070 1483 ad
1106 1441 1295 1482 hominis
1327 1441 1460 1482 fidem
1493 1439 1636 1481 solum
1669 1439 1930 1480 referuntur.

341 1511 453 1565 Quis
480 1514 605 1563 iuret,
635 1511 746 1554 nihil.
767 1513 913 1563 refert,
942 1513 1186 1554 dummodo
1215 1513 1366 1553 credat
1383 1511 1530 1563 deum,
1563 1524 1696 1565 quem
1713 1516 2001 1560 contestetur,

283 1597 331 1626 se
369 1585 519 1626 audire
555 1597 644 1625 non
685 1583 840 1634 solum,
875 1597 1027 1625 verum
1063 1584 1194 1625 etiam
1230 1583 1466 1636 periurium
1499 1583 1751 1636 puniturum
1786 1595 1898 1623 esse.

343 1655 454 1710 Quis
494 1665 644 1697 autem
686 1655 943 1708 polliceatur
986 1655 1162 1710 aliquid,
1210 1655 1402 1696 maxime
1445 1655 1642 1695 interest.
1685 1653 1725 1695 Is
1757 1654 1892 1702 solus,
1926 1655 2002 1708 qui

283 1728 370 1770 fide
401 1729 560 1782 dignus
592 1730 660 1778 sit,
694 1728 829 1769 fidem
857 1741 946 1770 non
979 1727 1111 1778 fallet,
1145 1727 1363 1780 promissa
1395 1733 1676 1780 exsequetur.

343 1798 460 1841 Sane
491 1799 636 1841 Hirzel
669 1806 854 1841 conatus
886 1806 955 1840 est
988 1800 1292 1841 demonstrare
1324 1797 1650 1840 contestatione
1681 1797 1752 1839 dei
1785 1798 1865 1839 hac
1891 1811 2003 1850 opus

285 1884 374 1912 non
422 1885 520 1912 esse
563 1872 605 1912 in
647 1871 739 1912 iure
772 1872 968 1922 iurando,
1001 1884 1091 1912 non
1124 1878 1274 1912 tamen
1307 1870 1348 1912 ei
1379 1870 1594 1911 successit
1611 1866 1659 1925 ⁵).
1691 1868 1739 1912 Si
1770 1870 2002 1919 omittitur,

285 1956 373 1985 non
406 1943 592 1997 amplius
628 1957 777 1985 verum
810 1945 1114 1995 iuramentum,
1139 1943 1310 1985 etiamsi
1326 1955 1490 1984 nomen
1507 1941 1592 1983 hoc
1608 1942 1649 1982 ei
1665 1941 1797 1996 vulgo
1815 1946 2003 1992 maneat,

287 2099 370 2135 hier
396 2098 457 2134 ffir
482 2098 654 2144 gleiches
680 2098 829 2133 Recht:
857 2097 1019 2133 deshalb
1045 2097 1249 2133 schworen
1275 2097 1339 2133 bei
1364 2097 1443 2131 ihm
1470 2095 1540 2131 der
1566 2094 1834 2130 Fiirstensohn
1858 2094 2004 2139 Hippo·

288 2160 389 2207 lytus
427 2158 498 2193 der
525 2158 661 2193 Amme
689 2157 811 2203 (Hipp
850 2157 935 2202 610)
962 2157 1040 2192 und
1068 2158 1137 2192 der
1165 2157 1291 2203 Konig
1319 2157 1464 2202 Aigeus
1491 2156 1561 2191 der
1587 2154 1740 2190 Medeia
1767 2153 1882 2196 (Med.
1912 2155 2005 2196 731),

289 2220 436 2255 ebenso
462 2219 534 2254 wie
561 2218 632 2253 der
658 2218 893 2265 phrygische
919 2217 1035 2253 Sklav
1062 2218 1151 2252 dem
1177 2216 1296 2253 Orest
1322 2216 1456 2260 (Orest
1499 2214 1636 2260 1516).''

338 2279 489 2314 Deinde
524 2289 560 2324 p.
591 2287 603 2312 ι
613 2288 679 2321 34:
717 2277 794 2319 „So
821 2277 899 2324 galt
925 2277 1004 2312 ihm
1031 2277 1183 2323 (δορὴ.)
1209 2277 1272 2312 die
1298 2276 1393 2312 freie
1419 2275 1546 2311 Treue
1573 2274 1652 2310 und
1679 2272 2008 2319 Wahrhaftigkeit

290 2339 400 2375 mehr
437 2338 493 2374 als
531 2337 594 2373 die
621 2338 743 2373 durch
771 2338 845 2372 den
873 2337 948 2373 Eid
975 2347 1238 2384 erzwungene.
1268 2336 1379 2371 Auch
1406 2337 1443 2370 in
1471 2335 1540 2370 der
1568 2335 1681 2369 Brust
1707 2334 1777 2368 des
1803 2332 2008 2378 euripidei'·

290 2400 411 2435 schen
451 2398 595 2444 Aigeus
633 2398 752 2443 steigt
790 2397 860 2432 das
899 2396 1040 2434 Gesfihl
1079 2396 1154 2432 auf.
1193 2397 1284 2431 dass
1323 2395 1399 2431 den
1439 2395 1513 2430 Eid
1549 2405 1595 2430 zu
1620 2394 1757 2429 leisten
1784 2393 2009 2440 gegeni'xber

290 2458 444 2495 Medeia
481 2457 559 2493 ihm
597 2458 706 2493 nicht
744 2457 886 2501 zieme;
927 2457 1030 2492 noch
1067 2457 1446 2492 bemerkenswerter
1472 2455 1566 2490 aber
1591 2455 1642 2489 ist
1668 2453 1730 2488 die
1759 2452 1840 2497 Art,
1867 2453 1939 2487 wie
1966 2462 2010 2487 es

291 2518 406 2554 rasch
443 2516 744 2563 beschwichtigt
782 2516 878 2551 wird
917 2517 1040 2552 durch
1079 2516 1155 2551 den
1194 2516 1365 2551 Hinweis
1392 2514 1461 2550 auf
1483 2514 1546 2550 die
1572 2512 1909 2560 Bequemlichkeit
1934 2511 2009 2546 den

291 2577 366 2614 Eid
390 2578 450 2613 als
489 2576 672 2612 Vorwand
695 2586 819 2623 gegen
843 2577 932 2623 jede
962 2576 1206 2622 Zumuthung
1222 2576 1292 2611 des
1307 2574 1558 2611 Treubruchs
1573 2575 1767 2609 beniitzen
1782 2583 1828 2608 zu
1842 2572 1998 2607 konnen

293 2636 513 2684 Sophokles
539 2636 633 2672 1asst
660 2637 698 2671 in
724 2636 831 2671 einer
856 2636 1061 2671 ahnlichen
1088 2636 1282 2671 Situation
1307 2634 1368 2681 (fr.
1383 2637 1468 2678 631)
1491 2634 1566 2669 den
1583 2632 1792 2669 Gebrauch
1806 2632 1877 2667 des
1891 2631 2011 2666 Eides

294 2698 332 2733 in
358 2707 455 2744 ganz
482 2696 646 2732 anderer
676 2696 799 2730 Weise
827 2696 1104 2742 reehtfertigen
1122 2722 1223 2732 .....
1249 2695 1305 2731 als
1332 2700 1453 2730 etwas
1474 2693 1662 2728 innerlich
1677 2692 1746 2728 auf
1756 2692 1826 2727 das
1841 2691 2011 2727 Gemiith

295 2757 366 2793 des
404 2755 695 2792 Schwbrenden
734 2755 968 2791 Wirkendes
1008 2755 1131 2791 durch
1172 2755 1234 2791 die
1274 2754 1420 2790 Furcht
1446 2764 1515 2789 vor
1540 2753 1610 2788 der
1635 2751 1816 2788 schrinde
1843 2750 1922 2786 und
1948 2749 2012 2785 die

296 2816 427 2853 Scheu
451 2826 520 2851 vor
547 2815 622 2851 den
650 2814 852 2851 Gottern.’'

349 2878 381 2919 ¹)
407 2886 444 2921 Ρ·
470 2886 510 2916 ⁴¹
541 2885 629 2920 sqq·

346 2939 382 2977 2)
409 2933 451 2970 cs
496 2934 538 2970 fr.
566 2933 705 2970 Aesch.
735 2944 826 2978 ³9⁴5
866 2934 975 2970 Stob.
1004 2934 1102 2971 Flor.
1131 2935 1188 2977 111,
1218 2945 1274 2978 79,
1303 2945 1321 2969 2
1349 2933 1427 2977 (ed.
1454 2932 1680 2968 Weinecke.
1707 2930 1767 2966 ed.
1797 2929 1951 2966 Hense:
1984 2940 2014 2972 ι,

302 3000 384 3039 ¹72)
410 2999 450 3031 et
474 2994 632 3038 XXVII,
659 3005 714 3038 3¹·

348 3056 383 3099 31
409 3053 456 3090 cf.
485 3065 518 3101 p.
549 3056 593 3098 36
618 3065 705 3101 sqq.

347 3117 384 3157 4)
410 3113 458 3149 cf.
485 3113 615 3150 Hirzel
641 3125 676 3150 o.
703 3114 723 3150 1.
751 3125 786 3161 p.
815 3126 858 3159 23
885 3121 924 3152 et
950 3115 1078 3152 locum
1105 3115 1158 3150 ibi
1184 3113 1381 3150 laudatum
1410 3112 1586 3148 Ammon.
1613 3110 1663 3146 ad
1685 3110 1749 3148 Ar.
1763 3110 1799 3146 d.
1813 3112 2016 3157 interpret.

301 3186 338 3221 p.
365 3184 423 3216 ⁴a
447 3172 602 3218 (Prantl.
629 3173 771 3211 Gesch.
798 3174 868 3211 der
895 3175 1022 3222 Logik
1047 3174 1073 3215 1,
1101 3184 1181 3217 ⁴⁴3,
1212 3177 1304 3217 ¹¹⁷)-

352 3235 389 3278 5)
414 3232 461 3269 ef.
489 3243 525 3280 p·
552 3244 597 3278 39
621 3244 721 3280 sqq,
749 3244 803 3280 5³,
829 3233 878 3278 ³⁰-
