2392 3750
1202 309 1258 349 26

420 439 541 493 Quas
573 441 607 480 si
642 440 886 481 accuratius
919 438 1231 491 perpendimus
1259 443 1442 490 apparet
1475 438 1516 478 in
1536 438 1799 479 carminibus
1815 436 2075 490 Sophocleis

363 512 452 553 fere
499 524 654 552 omnes
688 524 788 552 cum
822 510 1030 565 religione
1062 509 1245 550 deorum
1279 509 1528 550 cohaerere.
1576 508 1699 562 Ipsos
1732 508 1854 550 locos
1886 510 2077 550 breviter

364 583 703 635 perpendamus.

425 652 492 693 El.
534 654 614 695 881
664 652 998 704 Chrysothemis
1038 652 1150 693 iurat
1195 649 1259 700 μα
1300 650 1371 697 τὴν
1408 647 1596 701 πατρῴαν
1630 647 1788 702 Eri-tau,
1823 651 1866 692 in
1898 665 1987 705 quo
2019 651 2077 692 iu-

364 731 563 766 ramento
610 725 665 766 de
713 724 814 765 foco
861 723 955 764 solo
989 736 1133 774 nemo,
1184 723 1239 763 de
1272 723 1357 763 deo
1391 723 1512 764 cuius
1545 736 1619 764 ara
1651 729 1718 764 est
1752 723 1891 772 focus,
1926 723 1992 763 vel
2023 723 2078 764 de

364 796 478 845 love,
527 797 649 838 cuius
697 807 943 850 cognomen
978 793 1117 843 ἑρκέισς
1149 795 1255 835 satis
1300 794 1463 835 indicat
1496 807 1595 835 eum
1632 794 1718 835 foci
1750 807 1847 835 esse
1886 800 2078 835 tutorem

364 869 663 921 unusquisque
710 867 932 921 cogitabit.
999 866 1233 907 Paternum
1282 866 1429 906 focum
1472 865 1677 919 appellat,
1717 866 1838 913 „da·'‚
1880 871 1927 906 ut
1959 871 2079 906 recte

365 937 571 994 Kaibe11)
604 941 811 980 observat
846 938 950 991 „der
983 937 1103 979 Herd
1136 938 1215 979 des
1248 937 1513 979 vaterlichen
1542 937 1715 979 Hauses
1748 937 1878 978 ihnen
1906 937 2078 984 beiden,

366 1012 498 1052 sowie
531 1011 632 1052 dem
668 1008 801 1052 Orest
848 1008 989 1064 gleich
1037 1008 1166 1064 heilig
1209 1009 1278 1058 ist,
1313 1009 1390 1049 der
1423 1008 1710 1062 Mittelpunkt
1743 1008 1857 1048 ihrer
1890 1008 2080 1062 gemein-

365 1095 516 1123 samen
550 1082 839 1131 Interessen'',
890 1081 1011 1135 quod
1044 1081 1241 1134 epitheto
1275 1081 1395 1134 quod
1434 1087 1501 1121 est
1533 1077 1724 1132 πατρῴαν
1758 1081 1842 1121 iam
1875 1079 2080 1120 affirmari

366 1154 537 1195 videtur
555 1152 603 1207 2).
667 1154 730 1194 lbi
758 1154 849 1194 sive
883 1153 1048 1194 Vestae
1080 1153 1172 1194 sive
1207 1152 1294 1193 Iovi
1328 1152 1561 1193 sacrificari
1593 1152 1807 1193 solebant.

431 1223 471 1266 T
467 1224 585 1266 rach.
627 1226 733 1277 1185
770 1224 985 1266 Hercules
1012 1223 1191 1277 Hyllum
1223 1224 1357 1264 filium
1392 1225 1543 1265 iubet:
1577 1221 1674 1273 ὄμνυ
1711 1221 1803 1268 Διός
1835 1237 1899 1263 νυν
1929 1225 1995 1263 τόυ
2027 1236 2080 1271 με

367 1295 576 1349 φύὰαντος
608 1294 729 1347 κάρα.
793 1296 840 1338 Id
873 1296 977 1337 nihil
1010 1309 1109 1336 esse
1142 1308 1272 1349 quam
1307 1296 1373 1336 ius
1403 1295 1632 1337 iurandum
1661 1309 1739 1348 per
1770 1296 1914 1348 ipsum
1932 1294 2080 1336 Iovem

365 1370 664 1423 unusquisque
712 1367 837 1409 facile
871 1367 1101 1408 concedet.
1180 1367 1260 1407 Per
1308 1373 1441 1419 caput
1490 1367 1666 1416 iuratur,
1717 1367 1818 1420 quia
1867 1372 1934 1407 est
1980 1379 2081 1419 pars

367 1442 564 1494 corporis
610 1441 790 1481 maximi
837 1439 1063 1481 momenti.
1128 1438 1191 1479 Ita
1237 1452 1315 1491 per
1363 1438 1476 1480 Iovis
1525 1445 1658 1491 caput
1706 1439 1846 1480 iurare
1894 1436 2081 1479 Hermes

368 1512 618 1566 Apollinem
650 1513 773 1554 iubet
806 1511 965 1564 Hymn.
1003 1511 1045 1551 in
1078 1510 1212 1551 Merc.
1249 1521 1363 1563 274:
1407 1508 1441 1550 εἱ
1481 1506 1682 1555 δ’ἕθέλεις
1715 1508 1865 1559 πατρὸς
1894 1506 2082 1564 κεφαλὴν

367 1583 501 1634 μέγαν
533 1581 639 1635 ὅρκον
671 1583 863 1633 ὀμοῦμαι.
896 1580 944 1635 3).

430 1655 605 1697 Ηῑὶἰοεί.
646 1657 757 1707 1289
787 1654 1107 1708 Neoptolemus
1139 1654 1356 1695 affirmat:
1390 1651 1580 1703 <immod
1614 1650 1737 1701 ἁγνοῦ
1761 1649 1879 1699 Ζηνός
1911 1649 2083 1703 ὑψίστου

368 1726 511 1778 σέβας,
554 1728 628 1769 ubi
670 1728 776 1768 item
818 1740 971 1768 revera
1013 1739 1102 1767 non
1144 1732 1212 1767 est
1257 1723 1385 1775 σέβας
1427 1725 1540 1767 Iovis
1581 1725 1701 1779 quod
1727 1725 1968 1774 invocatur,
2002 1723 2082 1766 sed

367 1801 462 1854 ipse
509 1800 618 1841 deus
647 1796 695 1852 4).
741 1799 911 1840 Eadem
960 1798 1127 1839 ratione
1174 1797 1553 1851 interpretandum
1601 1809 1700 1837 esse
1731 1795 1799 1837 El.
1840 1796 1947 1846 1063
1980 1793 2080 1836 ἀλλ’

368 1870 409 1912 οὐ
454 1868 530 1911 ταν
578 1869 670 1918 Διὸς
716 1867 936 1921 αέα-τραπὲν
982 1883 1063 1911 nec
1109 1870 1313 1922 proxima
1345 1870 1479 1910 verba
1510 1882 1600 1909 non
1635 1868 1858 1909 indicant:
1908 1864 1977 1907 καὶ
2010 1865 2083 1913 τὴν

369 1942 550 1994 οὐρανίαν
583 1940 721 1991 Θέμιν.

430 2012 581 2068 Antz'g.
629 2016 713 2067 758
755 2021 800 2055 et
844 2011 948 2056 Oed.
993 2012 1047 2054 R.
1097 2015 1204 2065 1087
1253 2014 1418 2054 iuratur
1450 2025 1528 2065 per
1560 2010 1816 2064 Olympum,
1848 2010 1923 2064 qui
1955 2023 2082 2051 mons

370 2101 422 2128 ea
462 2087 518 2128 de
560 2100 692 2128 causa
734 2085 875 2127 solum
910 2086 1174 2138 nominatur,
1207 2085 1308 2139 quia
1340 2084 1469 2125 sedes
1511 2090 1577 2124 est
1610 2083 1808 2124 deorum.
1842 2080 2081 2134 Olympum

369 2158 499 2213 igitur
531 2159 760 2200 obtestans
794 2157 889 2211 quis
921 2157 1030 2198 deos
1061 2156 1238 2197 invocat
1270 2157 1314 2197 in
1347 2169 1401 2196 eo
1433 2155 1696 2196 habitantes.
1731 2152 1781 2207 ⁵).

431 2229 599 2272 Omnes
631 2230 762 2285 igitur
794 2243 878 2280 res,
926 2242 1038 2283 quae
1069 2227 1137 2270 vel
1182 2229 1225 2269 in
1257 2227 1511 2269 iuramentis
1559 2225 1628 2267 vel
1660 2226 1863 2279 precibus
1896 2225 2083 2267 laudatis

423 2404 456 2443 ι)
481 2402 630 2447 Kaibel‚
656 2401 814 2437 Electra
838 2412 875 2447 p.
902 2405 982 2437 208.

421 2464 456 2502 2)
493 2462 572 2497 Iam
610 2462 804 2497 Homerus
842 2462 902 2497 ius
939 2461 1143 2496 iurandum
1181 2461 1300 2495 habet
1338 2469 1401 2502 per
1439 2458 1616 2494 Hestiam
1645 2457 1779 2492 datum
1805 2455 1853 2491 cf.
1880 2455 1954 2492 Od.
1980 2453 2082 2496 XIV,

375 2531 464 2567 159;
502 2521 620 2567 XVII,
651 2530 738 2566 155;
777 2521 882 2563 XIX,
910 2532 1001 2564 3o3;
1040 2520 1145 2556 P-W.
1175 2519 1246 2555 col.
1277 2521 1377 2562 1647.
1416 2518 1523 2553 Aiac.
1551 2528 1618 2561 492
1656 2516 1870 2552 Tecmessa
1903 2514 2082 2549 maritum

370 2583 443 2623 πρὸς
467 2579 601 2623 ἓΦεστίυ
627 2583 703 2619 Διός
725 2582 966 2625 obsecratur,
992 2591 1040 2616 ne
1066 2581 1141 2616 sibi
1166 2580 1250 2626 ipse
1281 2583 1447 2614 mortem
1461 2578 1693 2613 consciscat.
1721 2575 1885 2620 Saepius
1909 2574 2084 2620 Iuppiter

373 2647 412 2677 et
450 2642 588 2677 Hestia
621 2633 908 2687 coniunguntur
944 2641 992 2676 cf.
1021 2640 1182 2686 Gruppe
1209 2639 1258 2674 de
1285 2637 1582 2684 cognominibus
1607 2636 1730 2671 Iovis:
1756 2635 1907 2675 Ἓρκεῖος,
1935 2631 2087 2673 Κτήσιος,

372 2700 552 2743 Μεσέρκισς,
589 2705 742 2744 Πατρῷος
778 2713 814 2738 ο.
842 2701 864 2736 l.
900 2712 964 2746 pp.
1008 2710 1096 2745 1115
1135 2706 1174 2734 et
1216 2708 1315 2743 1405,
1355 2709 1386 2739 2,
1425 2698 1514 2733 ubi:
1565 2696 1704 2741 „Nicht
1737 2694 1882 2730 iiberall
1921 2692 2083 2735 sreilich,

373 2762 508 2807 inquit,
547 2772 607 2796 wo
647 2771 689 2796 es
728 2762 840 2796 einen
878 2759 1110 2796 Staatsherd
1148 2759 1235 2805 gab,
1269 2758 1376 2793 ward
1414 2757 1543 2792 dieser
1580 2755 1680 2791 auch
1707 2753 2002 2800 personisiziert,
2027 2752 2086 2788 oft

374 2821 533 2856 wurden
571 2821 660 2856 dort
697 2820 795 2856 Zeus
834 2820 1029 2855 Herkeios
1056 2819 1152 2854 oder
1179 2817 1429 2861 Hestiuchos,
1456 2816 1625 2857 Ktesios,
1652 2814 1808 2850 Teleios
1835 2813 1915 2848 und
1940 2811 2085 2847 andere

374 2880 515 2916 Gotter
551 2879 743 2916 verehrt”.
770 2880 819 2917 cf.
845 2885 1051 2926 praeterea
1075 2877 1252 2913 Roscher
1278 2877 1349 2912 o.l.
1377 2875 1462 2912 coll.
1490 2878 1594 2920 2605,
1622 2877 1725 2918 2611,
1754 2871 1985 2916 Meinhardt,
2011 2869 2085 2908 o.l.

372 2951 408 2985 p.
447 2941 503 2975 61.
553 2939 718 2975 Videtur
755 2939 967 2985 praecipue
998 2939 1115 2984 plebs
1154 2947 1224 2983 per
1261 2935 1437 2972 Hestiam
1477 2935 1664 2970 iuravisse
1702 2933 1749 2968 cf.
1787 2931 1965 2968 Roscher
2000 2940 2035 2965 o.
2062 2929 2085 2964 l.

374 2999 434 3034 col
474 3003 575 3042 2623.

422 3062 458 3102 3)
487 3058 536 3093 cf.
563 3058 601 3093 Il.
627 3059 711 3103 XV,
739 3061 794 3102 36.
831 3058 942 3094 Plura
967 3058 1080 3093 huius
1107 3056 1311 3092 iuramenti
1338 3054 1518 3100 exempla
1545 3053 1715 3088 Lasaulx
1743 3063 1777 3088 0.
1794 3052 1816 3086 Ι.
1842 3062 1876 3097 p.
1904 3052 1936 3086 8.
1960 3049 1991 3084 A
2028 3058 2085 3094 29,

374 3118 534 3154 exhibet
561 3124 599 3154 et
626 3119 754 3154 Hirzel
780 3119 852 3154 o.l.
880 3130 916 3164 p.
944 3129 1001 3161 33.
1029 3130 1060 3153 2.

423 3180 459 3217 4)
486 3178 534 3213 cf.
561 3189 597 3223 p.
625 3181 670 3221 48
696 3178 746 3213 ad
773 3179 875 3214 hunc
901 3189 1068 3213 versum.

425 3240 461 3283 5)
488 3237 536 3273 cf.
563 3238 740 3275 Roscher
764 3238 786 3272 i.
802 3249 836 3273 v.
863 3237 935 3273 col.
961 3239 1041 3283 853.
