2392 3750
1222 302 1275 351 38

387 431 587 486 gebenen
618 430 799 472 Wortes
849 430 1059 483 dadurch,
1107 430 1210 471 dasz
1258 430 1336 471 der
1380 430 1438 470 im
1486 429 1642 470 Worte
1689 429 1940 483 projicierte
1971 428 2101 471 Wille

385 516 461 544 zur
491 502 722 543 Wahrheit
757 502 994 556 bekraftigt
1029 502 1134 542 wird
1165 501 1303 542 durch
1337 498 1563 555 Berufung
1593 502 1672 543 auf
1702 501 1811 543 Gott
1844 501 1906 542 als
1923 501 2101 556 Zeugen

387 574 466 616 der
496 573 727 615 Wahrheit
760 574 849 615 und
881 573 1027 614 Treue
1060 573 1150 614 und
1181 572 1243 614 als
1275 572 1446 613 Racher
1475 572 1553 614 der
1581 571 1705 627 Liige
1735 574 1824 614 und
1851 573 1930 614 der
1961 572 2101 614 Treu-

386 645 576 687 bruches
598 641 642 692 ¹).

447 717 489 758 b.
532 714 600 757 De
642 714 971 756 posterioribus.
1020 713 1145 767 Quae
1179 716 1448 768 posteriores
1481 716 1536 756 de
1569 715 1662 756 iure
1694 715 1877 757 iurando
1909 716 2102 769 disputa-

387 788 529 829 verint
560 788 644 829 huc
678 788 825 828 omnia
857 787 999 828 aferre
1026 786 1329 828 difficillimum
1349 789 1415 825 est
1432 796 1576 838 neque
1594 797 1776 825 necesse
1795 784 1899 825 mihi
1917 784 2103 826 videtur.

387 858 502 901 Sane
550 858 794 912 permultos
836 865 1041 900 auctores
1088 859 1189 900 licet
1237 858 1428 907 laudare,
1492 869 1680 910 quorum
1727 858 1923 898 omnium
1970 858 2104 899 verba

388 932 706 981 demonstrant,
740 931 861 984 quod
893 929 936 971 H
953 931 965 971 i
985 944 1041 971 rz
1059 930 1111 971 el
1147 930 1234 971 ait:
1269 928 1304 985 ²)
1339 929 1458 979 „Der
1491 928 1575 969 Eid
1602 929 1657 969 ist
1685 928 1782 969 eine
1801 927 1882 969 Art
1900 930 1977 969 der
1993 927 2103 970 Ver-

387 1002 633 1057 sicherung,
681 1002 845 1044 welche
908 1003 1047 1044 durch
1098 1000 1304 1056 gb'ttliclce
1349 1000 1630 1054 Mitwirkung
1678 999 1897 1040 verstarkt
1953 999 2102 1041 wird.’'

387 1072 667 1127 Quamquam
714 1074 809 1127 ipse
857 1075 1062 1127 opinatur
1107 1074 1286 1114 minime
1337 1073 1422 1114 hoc
1453 1072 1602 1113 divino
1656 1071 1818 1112 auxilio
1850 1084 1962 1124 opus
1995 1083 2104 1122 esse,

387 1151 536 1187 tamen
570 1146 816 1187 concedere
848 1146 1009 1187 debet:
1064 1145 1148 1195 „So
1184 1145 1348 1186 lautete
1382 1144 1521 1186 sehon
1554 1144 1611 1184 im
1645 1141 1897 1184 Alterthum
1929 1142 1999 1183 die
2032 1155 2106 1196 ge-

387 1216 631 1258 wohnliche
662 1216 867 1259 Antwort
902 1217 992 1258 und
1040 1217 1102 1258 sie
1149 1217 1205 1258 ist
1238 1217 1309 1258 die
1359 1215 1667 1270 regelmassige
1699 1213 1931 1268 geblieben
1962 1213 2030 1255 bis
2061 1214 2105 1255 in

388 1301 581 1330 neueren
613 1289 735 1330 Zeit’‘
762 1286 809 1342 3),

449 1359 617 1402 Omnes
665 1361 757 1402 fere
804 1361 1042 1413 scriptores
1085 1360 1186 1401 inde
1219 1361 1275 1400 ab
1307 1359 1620 1413 antiquissimis
1652 1358 1925 1410 temporibus
1957 1363 2106 1398 osten-

388 1433 532 1475 dimus
564 1433 788 1486 putavisse
821 1433 1044 1486 etiamque
1075 1445 1191 1474 nunc
1226 1437 1381 1485 putare
1413 1431 1479 1472 ius
1512 1429 1742 1471 iurandum
1769 1443 1866 1470 esse
1883 1428 1954 1470 dei
1971 1435 2105 1470 attes-

442 1623 474 1659 ι)
499 1621 679 1668 Magnam
706 1621 783 1656 vim
812 1621 988 1657 Graecos
1013 1622 1086 1656 iuri
1112 1621 1276 1656 iurando
1302 1621 1484 1656 tribuisse
1511 1619 1656 1655 docent
1682 1624 1839 1665 praeter
1865 1618 1975 1654 locos
1989 1629 2108 1664 supra

389 1681 568 1716 laudatos
607 1681 755 1716 Andoc.
787 1693 813 1716 1.
841 1692 874 1724 9,
909 1682 975 1716 ubi
1002 1686 1181 1716 monetur
1206 1677 1419 1722 ψηφίζεσθαι
1443 1682 1533 1712 κατὰ
1558 1681 1634 1716 τοὺς
1659 1679 1773 1720 ὅρκους,
1798 1679 1872 1720 ὅπερ
1896 1681 1950 1711 καὶ
1974 1678 2108 1720 συνέχει

387 1742 482 1782 μόναν
519 1740 574 1779 τῆν
613 1742 716 1776 πόλιν.
756 1741 804 1777 cf.
844 1742 930 1787 Lys.
957 1743 1000 1776 de
1025 1740 1138 1777 Solut.
1167 1741 1240 1776 Rez'
1260 1741 1356 1786 publ.
1383 1741 1440 1775 28.
1470 1739 1572 1786 Quin
1598 1740 1843 1786 Pythagoras,
1869 1749 2106 1785 quamquam

388 1801 531 1837 σπανίως
566 1801 623 1842 μὲν
660 1799 791 1842 ὀμνύναι
829 1802 997 1836 iusserat
1031 1801 1256 1846 discipulos,
1284 1799 1483 1836 addidisse
1509 1806 1710 1835 narratur:
1735 1801 1958 1841 χρησαμένους
1983 1797 2018 1831 δὲ
2043 1799 2108 1836 τοῖς

388 1861 487 1902 δρκοῖς
511 1860 636 1897 πάντως
661 1859 815 1902 ἐμμένειν.
839 1860 887 1896 cf.
915 1860 1014 1896 Dio
1029 1860 1066 1895 d.
1092 1860 1187 1895 Exc.
1215 1860 1379 1895 Wessel.
1407 1869 1486 1904 555.

438 1922 473 1965 2)
500 1921 546 1956 cf.
576 1920 765 1956 Hirzel
790 1931 826 1956 o.
852 1920 875 1957 l.
903 1931 944 1966 p.
974 1930 1026 1955 11.

438 1983 474 2025 3)
509 1980 701 2026 Exempla
739 1981 824 2026 ipse
864 1979 975 2015 affert
1013 1991 1049 2026 p.
1094 1992 1145 2024 12,
1198 1980 1438 2015 Lasaulx
1488 1990 1523 2016 0.
1550 1978 1575 2016 l.
1610 1990 1675 2025 pp·
1715 1992 1747 2021 4,
1787 1982 1820 2023 6,
1865 1990 1915 2021 12,
1955 1990 2010 2021 21,
2050 1981 2107 2015 26.

390 2040 651 2085 Schmidt,
677 2040 790 2075 Etltz'k
805 2040 863 2082 JJ,
890 2051 916 2086 p
955 2051 974 2083 3
1002 2051 1108 2086 sqq.;
1137 2040 1162 2075 S
1178 2040 1276 2075 cho
1293 2040 1492 2086 m-Lips.
1522 2039 1590 2074 Gr.
1617 2039 1768 2074 Altcrtlt.
1794 2039 1837 2082 II,
1864 2050 1900 2084 p.
1929 2041 1997 2075 268
2022 2050 2109 2086 sqq.

390 2100 638 2147 Nagelsb.
678 2100 726 2137 N.
754 2100 804 2135 H.
849 2100 963 2135 Theol.
1004 2111 1068 2145 pp.
1110 2109 1189 2144 215,
1230 2102 1310 2135 216.
1350 2099 1506 2134 Danz.
1545 2098 1655 2134 Sacr.
1683 2097 1827 2134 Schutz.
1854 2109 1891 2143 p.
1918 2109 1973 2142 33.
2001 2099 2108 2135 Idem

390 2160 583 2196 affirmant
621 2159 807 2201 definitio,
847 2170 963 2205 quam
1002 2159 1110 2194 Tho
1126 2171 1162 2194 m
1178 2170 1233 2194 as
1271 2159 1303 2194 A
1319 2170 1355 2204 q.
1381 2158 1504 2194 affert.
1539 2157 1712 2194 Summae
1736 2160 1795 2193 tot.
1826 2157 1942 2193 Theol.
1967 2162 2009 2194 in
2035 2159 2116 2195 III

387 2222 514 2267 partes
550 2223 625 2254 ete.
662 2219 705 2260 ΙΙ,
745 2218 818 2265 Qu.
846 2221 902 2263 89,
943 2219 1024 2254 Art.
1052 2219 1114 2254 IV.
1142 2229 1303 2264 eaeque,
1331 2229 1431 2264 quae
1459 2217 1623 2253 collatae
1651 2223 1740 2252 sunt
1767 2229 1802 2252 v.
1829 2217 2107 2260 Leeuwen,

391 2279 446 2316 De
471 2279 553 2315 Ecd
575 2282 616 2314 in
640 2281 708 2314 den
731 2281 925 2314 modernen
950 2278 1070 2315 Staat.
1097 2290 1133 2324 p.
1161 2290 1216 2322 39,
1245 2289 1300 2321 40,
1327 2289 1347 2313 e
1375 2279 1516 2324 quibus
1542 2277 1658 2312 laudo
1685 2278 1779 2312 has:

534 2339 618 2374 Ius
645 2339 990 2374 canonicum:
1019 2339 1098 2382 (Ius
1124 2339 1327 2374 iurandum
1354 2338 1428 2382 est)
1456 2337 1699 2373 confirmatio
1726 2337 2037 2383 veritatis.‹Cap.
2053 2341 2109 2383 26,

655 2398 694 2433 X
719 2398 768 2433 de
795 2399 878 2434 iure
904 2399 1093 2442 iurando).

534 2458 835 2493 Lutherus:
874 2458 1088 2494 Schworen
1128 2459 1179 2493 ist
1217 2458 1314 2494 Gott
1353 2457 1529 2504 geloben‚
1570 2458 1736 2502 preisen‚
1763 2457 1964 2497 verehren.
1991 2458 2109 2493 anbe-

655 2523 732 2553 ten.
759 2518 923 2560 (Walch.
950 2518 1012 2559 VI,
1041 2518 1136 2561 432).

536 2577 674 2612 Zwin
690 2577 858 2624 glius:
898 2577 970 2613 Est
996 2579 1055 2613 ius
1082 2577 1285 2612 iurandum
1314 2577 1386 2612 Dei
1412 2577 1650 2612 contestatio
1676 2575 1725 2610 ad
1752 2575 1897 2622 aliquid
1924 2576 2110 2612 deciden-

655 2637 746 2672 dum
772 2642 839 2672 aut
865 2637 1155 2683 praestandum.
1183 2636 1273 2682 (Op.
1300 2637 1430 2683 Tigur.
1462 2648 1473 2670 ι
1482 2646 1561 2680 544.
1588 2635 1630 2676 ΙΙ,
1659 2637 1731 2675 26).

536 2696 824 2733 Calvinus:
862 2697 934 2732 Est
972 2702 1103 2732 autem
1141 2697 1214 2740 (ius
1241 2696 1462 2735 iurandum)
1501 2695 1574 2730 Dei
1601 2695 1802 2730 attestatio
1829 2695 1879 2730 ad
1904 2697 2108 2732 veritatem

653 2758 845 2793 sermonis
871 2758 995 2792 nostri
1021 2757 1336 2792 confirmandam.
1364 2756 1501 2800 (Instit.
1528 2755 1669 2791 Christ.
1697 2755 1803 2801 relig.
1829 2755 1873 2790 ΙΙ.
1899 2766 1955 2798 23,
1981 2759 2030 2796 8).

535 2815 686 2862 Hugo
725 2815 979 2852 Grotius:
1018 2816 1090 2851 Per
1130 2819 1420 2851 sacramentum
1459 2815 1532 2855 (ius
1557 2814 1787 2859 iurandum),
1815 2815 1939 2850 Deum
1965 2820 2109 2852 testem

656 2880 696 2910 et
723 2876 915 2911 vindicem
942 2876 1140 2911 invocare.
1165 2875 1238 2911 (De
1266 2876 1347 2910 iure
1374 2876 1410 2911 b.
1438 2885 1470 2910 a.
1498 2886 1533 2920 p.
1560 2874 1602 2915 ΙΙ,
1629 2874 1728 2916 XIII,
1756 2880 1823 2915 10).

535 2933 661 2969 Sam.
695 2935 761 2970 Pu
777 2935 794 2969 f
805 2935 1028 2971 endorf:
1056 2934 1160 2981 Quid
1187 2939 1248 2970 est
1273 2923 1400 2969 iurare
1426 2934 1500 2969 nisi
1527 2935 1585 2969 ius
1612 2933 1694 2968 Deo
1721 2933 1898 2969 reddere.
1925 2934 1999 2975 (De
2026 2935 2108 2971 iure

655 2999 734 3029 nat.
761 3000 800 3030 et
827 2999 931 3041 gent.
958 2994 1023 3029 IV.
1049 3006 1080 3037 2,
1109 2997 1155 3038 3).

535 3052 776 3089 Weiske:
818 3054 897 3089 Der
934 3054 1009 3089 Eid
1047 3055 1097 3089 ist
1139 3054 1225 3089 eine
1264 3053 1438 3089 feierlich
1471 3053 1689 3088 verstarkte
1716 3053 1892 3100 Aussage
1918 3053 2016 3088 oder
2041 3053 2110 3089 Zu-

655 3123 760 3159 sage,
801 3113 898 3148 oder
936 3114 1022 3149 eine
1060 3113 1289 3159 Erkffirung,
1327 3118 1441 3148 unter
1479 3112 1680 3157 Anrufung
1718 3113 1788 3147 des
1815 3113 2017 3148 Hochsten
2044 3116 2111 3149 zur

656 3172 899 3219 Bestarkung
948 3173 1018 3208 der
1056 3173 1260 3208 Wahrheit
1297 3173 1404 3207 einer
1443 3172 1630 3218 Aussage,
1669 3172 1767 3207 oder
1805 3173 1874 3207 der
1911 3172 2111 3219 Erfiillung

657 3233 764 3267 einer
791 3232 949 3279 Zusage.
973 3232 1213 3274 (Rechtslex.
1240 3243 1270 3268 s.
1298 3244 1332 3267 v.
1359 3231 1460 3271 Eid).
