2392 3750
1212 303 1242 344 4

368 424 503 466 schen
551 423 734 466 Mensch
780 424 869 466 und
917 423 1120 466 Gottheit
1152 422 1208 463 ist
1241 421 1310 463 ein
1343 421 1528 463 vielfach
1559 422 1749 463 directes
1780 421 1875 464 Bild
1908 423 1951 464 in
1978 422 2082 476 jene

367 495 561 537 Dramen
598 495 981 551 iibergegangen.”

428 567 604 608 Etenim
650 567 802 622 tragici
843 579 933 607 non
981 565 1120 607 solum
1164 564 1340 606 fuerunt
1373 569 1545 617 poetae,
1579 564 1768 606 habendi
1800 571 1900 606 sunt
1932 564 2083 619 populi

370 644 695 692 praeceptores,
727 638 848 691 quod
880 637 986 690 ipsis
1023 635 1203 678 Graecis
1235 648 1324 677 non
1351 642 1443 676 erat
1469 635 1668 691 ignotum
1696 635 1750 676 cf.
1778 635 2084 691 Aristophanis

370 711 473 751 Ran.
512 717 618 762 1053
655 722 751 762 sqq.
785 708 956 761 (Dind.)

919 780 1019 820 ἀλλ’
1055 777 1330 830 ἀποκρύπτειν
1362 777 1444 829 χρὴ
1474 775 1520 818 τὸ
1551 776 1715 829 πονηρὸν
1746 777 1812 819 τὸν
1842 777 1893 828 γὲ
1923 778 2084 826 ποιητήν

677 848 748 891 καὶ
777 849 835 900 μὴ
867 848 1068 902 παράγειν
1101 848 1203 900 μηδὲ
1236 846 1453 891 διδάσκειν.
1486 851 1580 895 Τοῖς
1607 847 1681 898 μὲν
1710 846 1793 900 γὰρ
1821 849 2084 902 παιδαρίοισιν

679 919 766 963 ἔστι
801 919 1045 969 διδασκαλος
1077 919 1180 968 ὅστις
1211 919 1376 973 Φράζει,
1409 923 1492 967 τοῖς
1523 920 1674 978 ἦβῶσιν
1708 918 1749 962 δὲ
1782 921 1956 969 ποιῆται.

431 994 576 1036 Primo
626 993 724 1036 loco
761 995 890 1050 igitur
923 995 1187 1050 investigare
1218 995 1261 1036 in
1293 995 1439 1035 animo
1470 993 1613 1034 habeo
1646 1007 1710 1044 ea,
1743 1007 1857 1048 quae
1888 995 1944 1036 ad
1974 995 2086 1037 iura-

371 1072 624 1107 mentorum
657 1066 873 1107 formas
906 1067 1128 1119 pertinent
1160 1079 1222 1108 sc.

505 1136 536 1179 Ι.
569 1135 694 1189 Quae
728 1138 846 1190 apud
878 1139 1069 1192 tragicos
1091 1135 1124 1193 ¹)
1155 1144 1312 1191 poetas
1344 1136 1447 1179 iuris
1481 1136 1649 1178 iurandi
1681 1136 1737 1178 sit
1770 1137 1922 1179 forma.

485 1208 534 1250 ΙΙ.
567 1208 654 1262 Qui
689 1209 733 1250 in
766 1210 858 1251 iure
891 1209 1076 1251 iurando
1107 1210 1226 1262 apud
1258 1223 1336 1251 eos
1367 1209 1638 1251 invocentur.

775 1294 812 1322 a.
892 1281 951 1322 dii
1016 1294 1024 1332 ;
1147 1282 1188 1323 b.
1252 1281 1452 1322 homines
1517 1293 1525 1331 ;
1618 1294 1656 1321 c.
1718 1293 1802 1321 res.

471 1351 538 1393 III.
572 1350 699 1404 Quae
731 1353 818 1394 sint
850 1353 1166 1403 caeremoniae,
1201 1352 1243 1393 in
1275 1353 1368 1394 iure
1401 1351 1584 1393 iurando
1614 1351 1848 1394 adhibitae.

574 1423 746 1466 Deinde
793 1425 848 1466 de
895 1425 959 1478 iis,
1003 1438 1117 1478 quae
1163 1424 1220 1465 ad
1267 1425 1371 1465 iuris
1418 1423 1587 1464 iurandi
1620 1423 1916 1464 notionem
1949 1423 2088 1480 magis

575 1497 798 1549 pertinent
829 1496 947 1549 apud
978 1496 1171 1551 tragicos
1206 1507 1292 1537 sc.:

506 1566 535 1608 I.
569 1565 695 1619 Quae
727 1568 783 1608 sit
816 1567 919 1608 iuris
951 1567 1120 1608 iurandi
1155 1573 1321 1608 natura.

488 1637 535 1679 11.
570 1637 659 1680 Cur
690 1639 868 1680 iuretur.

471 1709 539 1751 ΙΙΙ.
571 1709 691 1764 Quid
722 1711 877 1762 valeat,
908 1724 947 1762 a,
980 1710 1023 1751 in
1055 1710 1143 1751 vita
1172 1710 1359 1763 publica.

912 1783 953 1823 b.
987 1783 1031 1823 in
1063 1782 1152 1823 vita
1184 1782 1365 1835 privata.

472 1854 546 1895 IV.
579 1853 698 1907 Quid
729 1855 786 1895 de
817 1854 1008 1907 periurio
1041 1854 1194 1910 tragici
1227 1854 1457 1896 senserint.

428 3217 460 3266 1)
486 3218 641 3266 Tragici
667 3220 700 3254 si
726 3224 1080 3255 commemorantur
1106 3230 1235 3256 sermo
1262 3230 1304 3255 es
1328 3220 1395 3255 tde
1421 3219 1627 3267 Aeschylo,
1656 3219 1863 3266 Sophocle,
1889 3219 2089 3266 Euripide.
