2392 3750
1098 334 1156 380 79

273 464 421 501 tamen
461 458 578 512 apud
611 471 712 500 eum
745 457 830 499 iarn
863 458 1102 499 auctoritas
1134 464 1201 499 est
1234 471 1414 514 magna:
1449 458 1486 500 si
1517 457 1614 512 quis
1645 458 1814 510 iuravit,
1846 458 1990 500 omnis

272 531 488 573 dubitatio
518 530 648 584 vulgo
681 535 749 571 est
782 528 966 580 sublata,
1001 529 1040 570 ei
1073 529 1263 571 creditur
1287 527 1333 579 1).

331 601 454 643 Haec
485 601 560 643 ubi
592 601 922 654 perpendimus,
955 608 1192 654 antequam
1225 602 1282 642 ad
1313 601 1562 656 tragoedias
1595 601 1856 654 Euripideas
1888 615 1989 655 pro·

271 673 458 727 grediar,
491 686 626 714 unum
657 674 830 723 addam,
863 673 1026 726 quippe
1059 672 1179 726 quod
1211 673 1334 725 parvi
1366 673 1581 714 momenti
1612 673 1718 713 mihi
1750 673 1792 714 in
1810 673 1990 714 investi-

273 744 426 798 gandis
458 745 714 785 iuramentis
745 756 835 785 non
866 744 1078 785 videatur.

332 814 444 857 Oed.
478 814 571 857 Col.
608 816 697 867 650
723 814 923 869 Oedipus
949 814 1127 856 Theseo
1154 816 1256 856 οὕτω
1284 816 1321 854 σ’
1354 813 1429 868 ὑφ’
1459 812 1580 866 ὅρκου,
1611 816 1764 869 inquit,
1793 816 1846 862 ὡς
1867 814 1989 856 κακὸν

272 884 539 935 mercha-oum,
581 887 741 941 quibus
788 900 869 928 rex
911 887 1168 939 respondet:
1213 884 1346 927 οὔκουν
1388 884 1492 937 πέρα
1535 888 1577 935 γ’
1608 883 1658 927 ἂν
1690 885 1797 927 οὐδὲν
1830 886 1851 935 ἦ
1883 888 1991 938 λόγῳ

271 955 420 1010 φέροις.
462 956 612 1000 Simile
648 958 753 1012 quid
797 958 1040 1011 reperimus
1078 957 1258 1000 Philoct.
1305 959 1407 1011 811,
1447 971 1537 1012 quo
1576 958 1675 1000 loco
1717 958 1844 1000 exsul
1874 958 1990 1000 Neo-

271 1028 481 1082 ptolemo,
525 1028 722 1082 pollicito
763 1043 811 1070 se
855 1042 1122 1080 mansurum,
1157 1029 1256 1070 licet
1288 1029 1373 1071 alio
1404 1030 1540 1071 modo
1571 1036 1719 1072 tamen
1753 1043 1853 1072 eum
1887 1044 1990 1073 con-

270 1100 468 1154 stringat,
502 1100 764 1150 respondet:
797 1099 840 1140 οὐ
871 1099 951 1149 μήν
984 1101 1020 1140 σ’
1041 1097 1189 1151 ἔνορκον
1223 1103 1265 1150 y·
1295 1097 1392 1149 ἀξιῶ
1415 1098 1585 1147 θέο-θαι,
1613 1099 1758 1144 τέκνον.
1791 1102 1990 1156 Apparet

270 1183 328 1212 ex
359 1171 480 1212 hisce
511 1171 710 1213 versibus
742 1171 975 1225 Sophoclis
1007 1178 1152 1214 aetate
1184 1173 1295 1213 inter
1328 1173 1444 1214 viros
1475 1174 1645 1216 nobiles
1677 1174 1990 1216 iusiurandum

270 1243 567 1284 necessarium
599 1255 689 1284 non
722 1244 865 1296 putari
896 1257 1040 1297 neque
1079 1243 1123 1285 id
1154 1251 1260 1285 tunc
1292 1250 1465 1286 tantum
1498 1245 1558 1286 ita
1590 1245 1741 1296 fuisse,
1773 1246 1854 1287 sed
1885 1247 1990 1287 item

271 1315 434 1356 nostris
475 1315 751 1368 temporibus
794 1315 1096 1369 unusquisque
1139 1315 1265 1356 facile
1308 1316 1525 1357 concedet
1588 1316 1683 1358 Nisi
1723 1318 1990 1359 necessitate

271 1392 451 1428 coactus
483 1387 547 1428 vir
578 1386 790 1428 honestus
817 1400 906 1428 non
938 1387 1063 1437 iurat,
1097 1387 1162 1427 vir
1194 1388 1420 1440 improbus
1453 1394 1620 1438 contra,
1645 1389 1840 1430 sentiens
1858 1390 1991 1431 verba

269 1457 364 1511 ipsa
410 1471 488 1499 sua
534 1458 622 1500 side
664 1459 796 1514 digna
837 1472 926 1500 non
969 1471 1081 1510 esse,
1118 1458 1431 1500 affirmationes
1476 1473 1670 1515 magnas,
1715 1460 1820 1514 quin
1857 1461 1988 1503 etiam

270 1528 515 1571 iuramenta
545 1530 707 1571 addere
738 1529 852 1572 solet
883 1543 1020 1584 seque
1053 1530 1198 1582 ipsum
1230 1530 1465 1572 exsecrari.

328 1600 544 1642 Venimus
574 1601 630 1642 ad
663 1601 932 1654 Euripidem.

329 1669 422 1714 Alc.
462 1683 552 1724 439
595 1672 783 1714 affirmat
826 1674 992 1714 iuratus
1032 1672 1192 1714 chorus
1226 1673 1450 1715 Alcestem
1484 1675 1742 1716 morituram
1774 1675 1989 1728 optimam

269 1756 367 1785 esse
414 1743 654 1785 mulierem.
702 1744 990 1786 Laudationis
1038 1757 1169 1786 causa
1216 1745 1319 1799 quia
1365 1745 1473 1786 haec
1520 1745 1662 1787 solum
1705 1753 1808 1788 sunt
1857 1747 1988 1799 dicta,

267 1815 373 1857 nihil
420 1829 478 1857 ex
520 1815 570 1857 iis
617 1815 720 1857 licet
767 1815 1043 1857 concludere.
1093 1815 1189 1857 Iure
1236 1817 1420 1859 iurando
1466 1817 1510 1858 id
1557 1817 1777 1859 affirmare
1809 1819 1988 1861 minime

271 1894 364 1929 erat
395 1900 522 1940 opus.

327 1955 542 1999 Androm.
572 1967 641 2010 37.
684 1957 832 1999 Iovem
874 1957 1188 2000 Andromache
1231 1964 1393 2000 testem
1426 1959 1601 2001 invocat
1634 1961 1834 2002 miseriae
1867 1974 1985 2004 suae.

268 2029 432 2071 Dolore
475 2036 699 2071 commota
740 2030 851 2071 hanc
893 2029 1236 2072 affirmationem
1278 2037 1475 2084 usurpat.
1517 2031 1698 2074 Minime
1740 2034 1988 2075 necessaria

269 2107 362 2143 erat
394 2114 538 2156 neque
570 2101 757 2143 multum
790 2101 904 2142 valet
921 2099 970 2156 2).

329 2196 384 2203 -
416 2183 518 2224 934.
551 2172 707 2227 Neque
740 2172 824 2214 hoc
856 2172 956 2214 loco
988 2173 1122 2214 verba
1139 2173 1429 2216 Hermionae:
1461 2172 1553 2225 ,μὰ
1571 2174 1640 2222 τὴν
1659 2172 1869 2217 ἄνοια-σοιν·
1889 2190 1986 2232 sqq.

267 2245 416 2300 magni
447 2244 649 2286 habenda
680 2251 794 2286 sunt.
829 2244 956 2286 Licet
988 2245 1092 2286 iuris
1124 2245 1294 2286 iurandi
1328 2246 1514 2288 formula
1546 2247 1724 2296 inclusa,
1757 2248 1846 2290 vim
1876 2249 1987 2291 iura-

268 2316 406 2358 menti
448 2316 523 2357 vix
565 2316 742 2366 habent,
786 2322 888 2358 sunt
931 2317 1064 2358 verba
1107 2317 1263 2369 inania,
1305 2318 1497 2359 sermoni
1540 2318 1755 2361 inculcata
1796 2333 1885 2374 quo
1917 2321 1987 2362 hic

268 2387 552 2441 compleatur.
591 2386 810 2438 Mulieres,
853 2401 967 2442 quae
1009 2388 1069 2429 ita
1100 2387 1273 2429 locutae
1305 2401 1404 2430 esse
1436 2389 1654 2441 dicuntur,
1686 2391 1987 2447 indignatione

269 2464 313 2500 et
355 2459 578 2500 iracundia
617 2459 839 2500 excitatae
882 2472 988 2501 sane
1028 2461 1163 2500 verba
1209 2470 1287 2501 sua
1318 2460 1551 2512 affirmant,
1584 2463 1664 2504 sed
1697 2463 1910 2515 ‚,iurare”‚
1942 2464 1986 2506 id

269 2537 336 2571 est
362 2530 496 2572 deum
527 2543 679 2572 revera
710 2537 871 2572 testem
904 2531 1122 2582 invocare,
1158 2531 1273 2573 haud
1305 2532 1487 2574 dubium
1521 2539 1602 2584 est,
1634 2546 1780 2576 annon
1804 2535 1925 2588 ipsae
1942 2536 1984 2577 in

267 2601 415 2643 animo
447 2602 691 2643 habuerint.

329 2697 384 2703 —
415 2683 504 2725 999
535 2680 718 2727 apparet
750 2673 955 2716 Orestem
989 2675 1212 2717 confidere
1245 2675 1337 2716 iure
1362 2676 1545 2718 iurando
1565 2689 1744 2719 suorum
1764 2675 1984 2731 δορυξένων,

268 2744 526 2798 praedicens
567 2744 910 2798 Neoptolemum
942 2747 1080 2792 κακῶς
1111 2743 1298 2787 ὃλεῖσθοιι
1330 2760 1412 2789 nec
1453 2748 1620 2800 iniuria,
1652 2762 1752 2791 narn
1786 2758 1985 2794 mortuus

268 2815 338 2858 hic
369 2816 550 2858 domum
585 2816 735 2858 fertur.

320 3016 352 3063 ι)
377 3016 625 3063 Oedipodem
652 3017 790 3054 Creoni
818 3029 895 3054 non
921 3019 1084 3055 credere
1113 3030 1349 3066 quamquam
1377 3021 1510 3063 iurato,
1537 3021 1675 3057 nullius
1698 3026 1758 3058 est
1785 3023 1981 3058 momenti.

269 3076 328 3112 Ira
365 3076 507 3112 ductus
545 3076 605 3112 sui
642 3086 719 3113 non
758 3082 819 3113 est
858 3087 1034 3124 compos.
1061 3079 1215 3115 Iocaste
1244 3085 1283 3115 et
1309 3080 1463 3124 chorus,
1492 3091 1623 3126 regem
1651 3081 1908 3118 admonentes
1934 3093 1982 3117 ne

269 3135 433 3181 amplius
458 3135 621 3180 diffidat,
647 3135 750 3172 haud
775 3136 933 3173 dubium
961 3143 1034 3180 est,
1060 3139 1153 3184 quin
1180 3144 1321 3185 poetae
1349 3140 1471 3185 ipsius
1497 3140 1667 3176 referant
1693 3141 1925 3187 opinionem.

317 3198 355 3238 2)
380 3194 446 3232 Vs.
474 3199 518 3239 38
545 3200 587 3231 ut
611 3196 787 3241 spurium
813 3197 964 3233 notavit
991 3197 1139 3243 Nauck,
1180 3198 1287 3244 quod
1313 3199 1345 3234 si
1374 3209 1508 3235 verum
1537 3205 1610 3242 est,
1637 3201 1773 3236 verba:
1802 3201 1879 3239 Ζεὺς
1903 3199 1982 3234 τάδ’

266 3252 364 3292 ιῖδιίη
397 3254 508 3296 μέγας
532 3255 804 3303 coniungenda
828 3256 1013 3293 videntur
1038 3267 1126 3294 cum
1155 3258 1213 3301 iis,
1251 3268 1351 3305 quae
1377 3259 1639 3296 antecedunt:
1673 3262 1727 3293 νῦν
1751 3258 1982 3296 &flanimeum
