2392 3750
1202 267 1260 307 44

370 390 427 429 im
461 388 699 429 Menschen
731 387 1093 430 beantwortende
1125 386 1424 440 Empfindung
1450 386 1756 437 (anteceduntz
1790 386 1899 428 was
1917 386 2085 428 Wiirde

371 461 479 501 oder
526 459 682 500 Werth
730 460 900 510 hesim,
936 458 1005 499 ein
1037 456 1163 506 τίμιον
1199 459 1266 508 ist,
1301 458 1381 499 soll
1414 458 1650 500 Eideshort
1684 459 1792 510 sein)
1823 459 1876 499 ist
1906 456 1978 499 die
2007 456 2087 499 der

371 529 619 580 Ehrturclzt
649 528 745 570 und
775 529 895 570 einer
917 527 1140 582 gewissen
1172 527 1324 579 Sallen,
1374 530 1416 570 in
1450 528 1585 583 Folge
1633 529 1767 570 deren
1802 530 1879 571 der
1906 528 2084 571 Schwo-

314 631 318 634 <
370 602 504 643 rende
538 602 603 642 ins
631 602 878 643 besondere
912 600 1005 641 sich
1037 600 1171 641 hiiten
1205 601 1324 650 wird,
1360 600 1437 641 das
1471 600 1612 641 wobei
1645 613 1692 640 er
1708 600 1911 650 schwort,
1946 600 2083 642 durch

369 673 466 713 eine
499 672 781 714 Unwahrheit
814 685 865 713 zu
900 671 1132 712 verletzen.
1183 671 1413 726 Derartige
1446 671 1802 726 Empfindungen
1837 672 1973 713 fasste
2005 672 2084 713 der

371 743 559 786 Grieche
608 745 685 784 mit
735 744 836 784 dem
886 743 1041 783 Worte
1074 740 1193 788 αἰδώς
1225 755 1490 784 zusammen.
1556 743 1656 784 Und
1704 755 1751 783 es
1784 743 1838 784 ist
1873 756 1953 784 nur
1986 745 2083 784 eine

370 815 511 856 Probe
543 815 623 856 auf
650 815 721 856 die
754 814 1021 870 Richtigkeit
1045 814 1169 868 jener
1201 814 1392 855 Theorie
1435 815 1536 855 dass
1568 815 1689 855 diese
1721 812 1837 860 αἰδώς
1868 815 2082 869 geradezu

370 887 472 927 dem
505 886 615 927 Eide
648 887 901 941 gegeniiber
932 887 1125 942 geboten
1157 886 1308 927 wird.”

430 957 738 999 Fundamento
770 957 952 1011 antiquo
986 957 1089 998 iuris
1122 957 1291 998 iurandi
1323 964 1462 1006 eruto,
1496 957 1590 1010 ipse
1622 956 1841 998 Hirzel
1873 956 2084 1012 intellegit

369 1028 452 1069 alio
485 1042 596 1081 opus
629 1042 741 1078 esse,
775 1029 895 1082 quod
923 1042 970 1069 se
1007 1029 1254 1082 repperisse
1287 1036 1411 1082 putat
1445 1030 1486 1070 in
1521 1042 1588 1079 eo,
1622 1029 1742 1083 quod
1761 1029 1892 1070 dicit:
1932 1027 2082 1080 „einen

363 1099 585 1152 gewissen
617 1098 801 1142 Scheu‘’.
835 1100 945 1141 Mire
979 1113 1083 1140 vero
1115 1100 1323 1153 disputat.

429 1170 483 1212 A.
517 1168 624 1211 Αἷδώ
657 1172 721 1212 vir
752 1170 948 1213 Graecus
980 1185 1068 1212 non
1101 1171 1243 1213 solum
1276 1172 1408 1213 habet
1441 1185 1543 1227 erga
1576 1172 1788 1222 homines,
1822 1172 2082 1226 quibuscum

369 1244 487 1292 vivit,
540 1243 618 1284 sed
665 1244 901 1296 praecipue
947 1243 1193 1284 reverentia
1240 1244 1348 1285 haec
1396 1244 1580 1296 impedit
1627 1257 1682 1284 ne
1715 1244 1833 1299 leges
1865 1243 2082 1299 neglegat,

369 1329 394 1356 a
421 1315 503 1356 diis
534 1315 784 1356 hominibus
817 1315 943 1356 datas
975 1328 1119 1368 neque
1151 1315 1272 1368 ipsos
1304 1315 1412 1356 deos
1446 1321 1702 1356 contemnat
1729 1315 1772 1368 ¹).

429 1386 476 1428 B.
524 1386 658 1428 Locis
690 1387 745 1427 ab
778 1385 965 1428 Hirzelio
998 1386 1197 1437 laudatis,
1247 1384 1400 1428 Aesch.
1451 1387 1578 1428 Eum.
1613 1396 1696 1439 713
1733 1386 1933 1437 (Kirchh.
1973 1387 2081 1439 698)

369 1464 414 1500 et
438 1457 568 1512 Soph,
602 1457 656 1500 O.
689 1458 740 1500 R.
774 1459 860 1510 647
893 1458 1041 1510 (Dind.
1075 1459 1179 1510 646)
1211 1454 1318 1509 ἕρκος
1349 1472 1439 1500 non
1471 1465 1551 1509 est,
1583 1464 1632 1500 ut
1665 1460 1708 1499 in
1734 1458 1833 1500 loco
1865 1458 2081 1500 Aristote-

367 1529 451 1571 lico
483 1543 614 1583 supra
646 1529 837 1580 laudato,
870 1527 921 1569 id
946 1535 1029 1583 per
1059 1528 1177 1583 quod
1204 1529 1387 1570 iuratur
1417 1530 1495 1571 sed
1529 1529 1602 1570 ius
1635 1527 1884 1569 iurandum
1916 1528 2078 1582 ipsum,

367 1606 494 1642 actus
536 1599 735 1651 iurandi,
785 1615 871 1655 qua
917 1601 960 1641 in
994 1615 1040 1642 re
1092 1601 1308 1642 Hirzel
1354 1601 1566 1642 erravisse
1595 1601 1780 1654 videtur,
1812 1601 1976 1655 quippe
2007 1601 2082 1655 qui

369 1674 659 1726 comprobare
710 1672 841 1713 vellet
873 1686 987 1723 eum,
1037 1674 1111 1726 qui
1144 1673 1270 1727 iuret,
1314 1686 1483 1724 cavere,
1532 1686 1587 1714 ne
1618 1673 1762 1714 laedat
1795 1673 1851 1720 id,
1885 1673 2006 1727 quod
2037 1674 2080 1714 in

366 1743 614 1786 iuramento
647 1745 890 1786 invocatur.

428 1815 476 1858 C.
514 1814 648 1868 Quod
680 1816 839 1857 deinde
871 1816 1019 1857 Hirz
1038 1816 1091 1857 el
1122 1816 1273 1857 addit:
1312 1815 1630 1871 „Nothwendig
1663 1817 1718 1857 ist
1737 1816 1941 1857 indessen
1959 1816 2081 1857 diese

365 1887 643 1943 begleitende
688 1887 986 1943 Empfindung
1044 1887 1208 1943 (metus
1256 1901 1315 1928 sc.
1377 1901 1432 1928 ne
1486 1888 1621 1928 homo
1668 1888 1867 1940 periurus
1915 1900 2080 1940 poenas

365 1959 441 2000 det
484 1959 675 2012 periurii)
721 1960 854 2010 nicht,
902 1959 1007 2001 nihil
1052 1960 1311 2012 approbat.”
1359 1959 1538 2000 Etenim
1583 1960 1633 2012 is,
1676 1960 1751 2013 qui
1791 1959 2079 2012 assumpserit

366 2031 438 2072 dei
479 2031 850 2072 contestationem
898 2033 941 2072 in
983 2032 1075 2072 iure
1109 2031 1292 2072 iurando
1319 2032 1613 2072 necessariam
1645 2043 1734 2071 non
1766 2043 1877 2081 esse,
1910 2030 2080 2084 pudore

366 2103 559 2156 quodam
609 2103 703 2144 solo
735 2103 936 2144 homines
968 2103 1141 2154 adduci,
1193 2109 1241 2144 ut
1283 2104 1527 2144 iuramenta
1559 2109 1754 2153 teneant,
1787 2103 1964 2144 difficile
1993 2102 2079 2144 alio

364 2175 498 2215 modo
530 2174 651 2228 loqui
683 2181 846 2227 potest.
881 2175 1026 2216 Deum
1059 2175 1177 2216 enim
1210 2188 1308 2216 eam
1336 2175 1477 2228 ipsam
1507 2175 1565 2215 ob
1583 2188 1760 2216 causam
1779 2181 2080 2216 contestamur

365 2246 408 2287 in
441 2247 532 2287 iure
563 2246 747 2287 iurando
774 2245 992 2287 vindicem
1022 2245 1223 2299 perium.
1252 2245 1349 2299 Ipsa
1381 2247 1489 2287 haec
1516 2246 1761 2298 assumptio
1787 2259 1931 2299 neque
1947 2246 2078 2287 certis

365 2319 634 2373 argumentis
665 2319 948 2371 approbatur,
981 2332 1126 2372 neque
1160 2318 1292 2359 etiam
1324 2317 1409 2359 loci
1442 2317 1605 2359 laudati
1638 2317 1835 2359 efficiunt
1867 2318 1924 2368 id,
1958 2318 2079 2372 quod

365 2390 582 2431 Hirzel
629 2390 933 2431 demonstrare
982 2390 1086 2440 vult,
1135 2391 1237 2432 iuris
1285 2390 1456 2431 iurandi
1501 2390 1588 2430 vim
1631 2390 1759 2430 sitam
1808 2403 1906 2430 esse
1947 2389 1991 2430 in
2023 2402 2078 2431 eo

365 2461 543 2513 affectu,
577 2475 711 2515 quem
742 2461 901 2504 Graeci
932 2460 1028 2502 αἶδώ
1062 2463 1214 2504 dicunt
1232 2460 1280 2510 ²).

417 2650 449 2695 1)
475 2650 524 2687 cf.
563 2651 810 2688 Schmidt
847 2663 964 2698 quem
990 2653 1075 2699 ipse
1103 2652 1231 2688 Hirzel
1259 2652 1390 2688 laudat
1417 2663 1453 2698 p.
1482 2662 1537 2686 20.
1565 2662 1597 2694 3.
1624 2662 1659 2686 o.
1686 2650 1707 2687 l.
1731 2662 1768 2696 p.
1799 2659 1886 2694 173:
1926 2651 2078 2697 „Abge-

365 2710 485 2746 sehen
511 2722 583 2745 von
606 2711 828 2758 derartigen
841 2712 1088 2747 besonderen
1105 2712 1373 2758 Beziehungen
1388 2712 1474 2746 sind
1489 2711 1588 2746 nach
1601 2710 1802 2745 Attischer
1816 2710 2078 2756 Anschauung

364 2769 423 2804 fiir
450 2770 525 2805 den
551 2771 620 2805 auf
641 2772 725 2806 sich
751 2772 953 2807 ruhenden
979 2772 1093 2806 Mann
1120 2771 1346 2807 wesentlich
1369 2783 1439 2806 nur
1461 2773 1519 2806 die
1535 2770 1669 2814 Gd'tter,
1684 2770 1747 2805 die
1762 2769 1850 2804 dem
1865 2770 2077 2806 Menschen

363 2829 486 2865 durch
512 2830 582 2865 das
608 2830 838 2876 Sittengesetz
863 2842 1088 2878 gezogenen
1115 2831 1366 2866 Schranken''
1393 2830 1458 2873 (cf.
1485 2830 1533 2865 de
1562 2830 1675 2865 huius
1705 2829 1800 2875 legis
1827 2830 1976 2875 origine
2003 2830 2075 2866 o.l.

364 2900 399 2934 p.
429 2890 510 2933 213)
549 2889 825 2936 Gegenstande
867 2891 936 2925 der
969 2891 1102 2926 Aidos.
1130 2890 1179 2927 cf.
1205 2895 1409 2938 praeterea
1435 2890 1640 2926 Platon.
1667 2889 1786 2935 Legg.
1814 2900 1850 2934 p.
1876 2899 1957 2933 9¹7-
1983 2890 2017 2925 A
2043 2893 2075 2932 6,

365 2949 612 2984 Schmidt
649 2950 734 2986 o.1.
761 2961 825 2996 pp.
854 2961 934 2990 210,
962 2961 1040 2995 253.-

413 3010 449 3051 2)
485 3020 518 3043 α.
558 3008 707 3044 Oblitus
745 3014 806 3044 est
844 3010 1030 3045 Hirzel
1069 3011 1327 3056 comprobare
1366 3010 1404 3044 in
1445 3009 1587 3044 affectu
1613 3020 1670 3051 ea,
1708 3007 1802 3045 αἰδώς
1829 3010 1894 3055 qui
1921 3010 2076 3054 dicitur,

365 3073 510 3103 metum
550 3079 700 3113 poenae
739 3080 815 3104 non
842 3070 982 3112 inesse,
1010 3070 1116 3115 quod
1142 3070 1373 3115 praesertim
1399 3080 1456 3114 ea,
1484 3080 1584 3115 quae
1611 3079 1729 3114 supra
1756 3070 2076 3105 commemoravi-

365 3138 449 3163 mus
476 3127 656 3163 refutant.
683 3128 932 3175 „Lediglich”
959 3129 1051 3164 illud
1077 3129 1194 3176 igitur
1218 3129 1471 3165 fundamento
1498 3134 1616 3165 caret.

411 3187 446 3227 β.
485 3186 601 3233 Quod
639 3187 688 3222 ad
726 3187 931 3225 Platon.
969 3188 1089 3235 Legg.
1128 3200 1163 3235 p.
1191 3198 1273 3233 917,
1308 3189 1342 3224 A
1368 3189 1549 3235 pertinet,
1575 3188 1660 3235 ipse
1688 3189 1764 3224 iam
1791 3188 1975 3224 concedit
1999 3189 2076 3226 hoc
