2392 3750
634 878 670 928 Ι.
727 878 894 940 Quae
933 878 1017 927 sit
1055 877 1202 928 iuris
1242 878 1481 927 iurandi
1518 877 1734 928 forma.

385 1181 571 1224 Formae
589 1179 622 1237 ¹)
653 1182 758 1224 iuris
791 1181 972 1232 iurandi,
1022 1194 1135 1235 quae
1168 1194 1268 1222 cum
1302 1181 1419 1234 apud
1450 1186 1620 1234 poetas,
1653 1186 1748 1222 tum
1781 1180 1898 1233 apud
1931 1178 2040 1221 alios

325 1254 562 1306 scriptores
609 1252 806 1295 Graecos
855 1253 1146 1301 inveniuntur,
1196 1258 1299 1293 sunt
1347 1251 1603 1305 permultae,
1635 1265 1746 1306 quas
1787 1256 1836 1293 ut
1872 1250 2040 1293 facilius

325 1325 654 1378 perspiciamus,
686 1325 771 1367 hoc
804 1325 958 1367 ordine
990 1324 1300 1366 tractabimus:

384 1395 438 1438 A.
471 1396 700 1439 vocabula
729 1397 889 1451 quibus
921 1395 1091 1438 Graece
1122 1396 1238 1437 actio
1270 1395 1439 1437 iurandi
1469 1395 1696 1437 indicatur.

385 1468 431 1510 B.
467 1467 703 1510 particulas
735 1468 778 1509 in
810 1468 902 1509 iure
934 1468 1118 1509 iurando
1149 1467 1383 1509 adhibitas.

385 1539 433 1582 C.
467 1540 651 1581 Formas
683 1540 727 1585 in
757 1540 917 1594 quibus
949 1539 1193 1580 Vocativus
1224 1539 1470 1589 adhibetur,
1502 1538 1663 1580 additis
1694 1544 1769 1580 aut
1800 1550 1888 1579 non
1920 1537 2040 1579 addi-

459 1612 514 1653 tis
546 1610 770 1665 particulis
801 1606 828 1650 ὦ
861 1611 929 1652 vel
961 1608 1014 1653 ἰώ.

384 1682 438 1724 D.
472 1682 656 1724 Formas
688 1695 766 1735 per
797 1681 1107 1735 Imperativum
1140 1679 1234 1722 ἴστω
1267 1682 1549 1735 compositas.

385 1754 436 1796 E.
468 1753 590 1795 Alias
621 1755 725 1796 iuris
756 1754 926 1795 iurandi
966 1754 1143 1795 formas.

434 1910 484 1948 Α.
516 1909 582 1948 De
611 1909 868 1953 vocabulis,
899 1909 1068 1957 quibus
1099 1909 1276 1948 Graece
1306 1905 1433 1948 actio
1465 1907 1652 1947 iurandi
1683 1907 1932 1946 indIcatur.

384 2027 570 2070 Plurima
617 2028 830 2071 vocabula
875 2028 1045 2071 Graeca
1091 2028 1148 2070 ad
1192 2028 1258 2070 ius
1307 2027 1537 2070 iurandum
1578 2027 1800 2080 pertinent
1832 2032 1907 2068 aut
1938 2038 2040 2068 cum

324 2101 497 2141 actione
543 2100 710 2142 iurandi
757 2100 900 2155 aliqua
947 2114 1005 2142 ex
1053 2106 1177 2153 parte
1227 2100 1479 2141 cohaerent.
1527 2098 1596 2141 Ius
1645 2098 1875 2140 iurandum
1909 2096 2040 2153 vulgo

324 2171 493 2214 Graece
540 2173 698 2214 dicitur
754 2167 874 2223 ὅρκος,
931 2172 1150 2214 interdum
1203 2168 1349 2222 ὅρκιονς
1397 2172 1538 2212 iurare
1584 2168 1744 2220 ὄμνυμι.
1809 2169 2041 2211 Praeterea

323 2249 471 2284 autem
519 2243 735 2296 permulta
780 2244 861 2285 alia
892 2245 1026 2286 verba
1056 2244 1112 2286 de
1144 2243 1264 2285 hisce
1298 2244 1442 2285 verbis
1474 2249 1577 2284 sunt
1608 2242 1817 2291 derivata,
1851 2254 2039 2296 quorum

323 2315 440 2368 apud
472 2322 671 2357 oratores
704 2314 805 2357 Ott
824 2312 856 2369 2)
890 2315 1038 2357 laudat
1070 2315 1203 2356 haec:
1239 2313 1384 2365 ὁρκοῦν,
1419 2310 1611 2364 ἐξορκοῦν,
1629 2309 1842 2364 ἐξόρκωσις,
1859 2311 2040 2363 εὐορκεῖν,

324 2383 591 2438 ε’μπεδορκεῖν,
638 2383 789 2438 ὁρκίζω,
838 2383 1033 2438 ἐξορκίζω,
1083 2384 1352 2438 ἐνορκίζομαι,
1397 2381 1530 2437 ὅρκιος,
1578 2383 1762 2437 ὁρκωτής,
1811 2382 2040 2435 πεντορκία,

323 2457 520 2510 ἐπιορκία,
567 2457 732 2510 εὔορκος,
780 2457 947 2510 ἔνορκος,
995 2457 1186 2509 ἐπίορκος,
1236 2460 1332 2505 ozon,
1385 2457 1456 2505 31·⁹
1504 2457 1584 2510 ἐξ-,
1631 2456 1720 2503 ἐπ-,
1767 2470 1884 2504 κατ-,
1932 2471 2038 2504 cvm,

324 2529 553 2584 ὑπόμνυμι;
604 2530 689 2577 ἐπ-,
728 2528 977 2580 συνωμότηςι,
1010 2528 1216 2580 ἐνωμοτία,
1251 2527 1330 2579 ἐξ-,
1378 2544 1481 2574 συν-,
1530 2526 1768 2579 ὑπωμοσία;
1807 2526 2037 2580 ὀμνυοόρας,

323 2601 515 2652 ἀνωμοτί,
547 2600 784 2656 ὃρκωμότης,
817 2601 1055 2654 ὃρκωμοσία.

383 2674 662 2716 Herodotum
709 2674 826 2716 idem
873 2674 978 2716 dicit
1026 2674 1188 2716 habere
1241 2671 1453 2715 formulas
1499 2673 1600 2714 has:
1652 2669 1787 2722 ὅρκους
1834 2669 1949 2719 δούς,
1994 2670 2039 2712 τὸ

323 2742 442 2796 ὅρκιον
490 2741 744 2795 ποιεύμεναι,
792 2743 941 2795 ἔταμον
990 2742 1135 2797 ὃ’ρκιον;
1179 2744 1314 2796 ἕρκους
1365 2742 1606 2791 ἐπήλασανς
1639 2741 1769 2795 ὅρκους
1800 2740 2039 2795 προσάγωνς

322 2815 368 2858 τὸ
400 2814 520 2868 ὅρκιον
551 2815 802 2871 ἐφύλασσον,
833 2814 1099 2868 παραβαινειν
1133 2816 1226 2863 τοὺς
1259 2814 1411 2868 ὅρκους,
1461 2814 1590 2865 μένειν
1621 2814 1666 2856 τὸ
1700 2811 1832 2866 ὅρκιον.

383 2887 515 2942 Apud
558 2890 748 2945 tragicos
795 2896 952 2943 poetas
1000 2903 1177 2944 quoque
1219 2889 1403 2943 plurima
1435 2887 1647 2930 vocabula
1679 2887 1893 2943 leguntur.
1926 2900 2039 2942 quae

322 2960 379 3002 ad
411 2960 477 3002 ius
509 2960 738 3002 iurandum
770 2961 1004 3014 pertinent,
1038 2967 1113 3003 aut
1146 2974 1246 3003 cum
1279 2973 1334 3002 eo
1365 2966 1458 3002 arte
1489 2958 1739 3001 cohaerent.

375 3149 480 3195 1)cf.
519 3149 568 3184 de
603 3150 695 3185 iuris
722 3150 872 3186 iurandi
900 3150 1034 3186 formis
1061 3149 1222 3187 Glotz
1250 3149 1353 3195 apud
1382 3148 1720 3194 Daremberg
1759 3152 1810 3183 et
1847 3146 2038 3194 Sagiio

324 3209 348 3245 i.
374 3220 408 3245 v.
437 3210 497 3245 ius
524 3209 740 3247 iurandum.

372 3268 408 3311 2)
433 3268 482 3305 cs.
507 3268 590 3306 Ott.
616 3281 652 3307 o.
678 3269 699 3306 1.
726 3280 762 3317 p.
793 3272 845 3306 18.
