2326 3718
1061 318 1135 348 101

245 441 350 483 nihil
390 441 560 497 legitur,
601 441 748 494 potius
789 438 938 482 laudat
978 451 1100 480 eam:
1142 435 1313 488 πολλὴν,
1359 437 1512 489 inquit,
1554 432 1717 483 ἔλεξας,
1761 429 1788 474 ὦ
1820 431 1955 483 γύναι,

246 509 492 563 προμηθίαν,
533 513 827 554 cautissimam
869 516 914 552 te
956 510 1209 564 praebuisti,
1252 510 1508 560 verbisque:
1541 505 1687 557 ἐξηγοῦ
1720 503 1829 552 θεοῦ,
1862 506 1956 558 ipse

246 597 343 625 eam
384 583 654 632 adhortatur,
697 595 752 624 ne
794 588 999 624 moretur.
1036 580 1265 636 Intellegit,
1297 593 1383 633 qua
1414 580 1470 621 de
1503 593 1636 621 causa
1667 578 1825 619 Medea
1856 590 1957 630 pro-

247 655 382 697 misso
413 667 503 696 non
534 660 743 696 contenta
774 654 830 695 sit
860 665 1004 706 neque
1031 652 1142 694 hanc
1159 652 1391 705 improbat.
1410 651 1659 692 Iuramento
1678 650 1798 701 dato,
1826 648 1957 690 fidem

248 725 396 768 fallere
426 738 515 767 non
547 731 708 779 potest.
739 724 806 766 Ne
837 724 999 766 inimici
1030 724 1208 776 quidem
1225 723 1409 764 Medeae
1425 723 1468 764 id
1484 722 1784 775 postulabunt.
1813 720 1958 762 Etiam

244 811 271 839 a
302 810 350 838 se
382 798 478 850 ipso
511 798 577 838 ius
609 796 838 838 iurandum
871 809 971 837 eum
1003 795 1227 836 defendet.
1277 795 1344 836 De
1376 807 1448 847 eo,
1496 794 1616 846 quod
1649 792 1795 834 Hirzel
1827 792 1956 833 dicit:

250 868 348 921 „die
380 867 759 921 Bequemlichkeit
789 868 916 920 sqq.”
949 867 991 908 in
1023 867 1074 907 iis
1107 878 1219 918 quae
1252 879 1332 906 rex
1364 865 1617 919 respondet,
1650 862 1754 905 nihil
1787 863 1958 916 reperio

247 953 329 982 nec
371 940 514 991 video,
558 953 636 981 cur
675 939 792 992 apud
834 937 1089 991 Euripidem
1131 938 1197 979 ius
1228 937 1458 978 iurandum
1490 936 1593 978 nihil
1626 936 1682 976 sit
1714 935 1797 976 nisi
1831 934 1958 985 „eine

247 1011 504 1067 anstandige
534 1010 941 1066 Entschuldigung''
960 1007 1008 1060 2),
1040 1009 1156 1062 apud
1187 1007 1455 1061 Sophoclem
1486 1014 1634 1049 autem
1656 1006 1960 1048 testimonium

247 1082 458 1132 veritatis,
505 1082 624 1134 quod
672 1090 870 1123 servetur
913 1080 1079 1132 „durch
1122 1080 1192 1122 die
1223 1079 1388 1122 Furcht
1420 1092 1499 1121 vor
1531 1079 1601 1120 die
1632 1077 1837 1120 Schande
1869 1076 1959 1118 und

247 1153 321 1196 die
350 1152 496 1196 Scheu
525 1166 604 1195 vor
634 1153 721 1194 den
753 1150 970 1194 Gottern''
990 1148 1036 1200 ³).

308 1225 503 1267 Breviter
534 1225 571 1266 si
602 1224 944 1277 comprendam:
977 1222 1193 1276 Apparuit
1210 1223 1438 1276 perpensis
1455 1222 1548 1276 illis,
1575 1234 1688 1275 quae
1705 1223 1788 1276 ipsi
1809 1222 1962 1278 tragici

249 1296 439 1338 habeant
470 1307 672 1349 quaeque
700 1294 845 1336 Hirzel
875 1295 1187 1348 disputaverit:

315 1378 349 1409 1.
382 1367 528 1422 Magni
559 1366 779 1408 aestimari
810 1367 876 1408 ius
909 1367 1139 1408 iurandum
1161 1379 1262 1407 cum
1279 1366 1396 1419 apud
1411 1364 1696 1418 Aeschylum,
1731 1371 1824 1407 tum
1844 1365 1961 1419 apud

382 1438 650 1492 Sophoclem
682 1444 727 1480 et
759 1437 1028 1491 Euripidem.

313 1522 352 1552 2.
385 1510 492 1551 Iuris
530 1510 700 1551 iurandi
738 1509 1050 1552 auctoritatem
1091 1509 1362 1550 decrescere.
1405 1508 1601 1550 Derivari
1645 1509 1729 1550 hoc
1771 1508 1872 1550 licet
1904 1522 1961 1550 ex

385 1582 549 1623 maiore
567 1594 647 1623 usu
665 1587 709 1622 et
726 1594 784 1622 ex
801 1594 868 1631 eo,
897 1581 1017 1633 quod
1034 1581 1219 1634 plurima
1234 1582 1476 1622 iuramenta
1495 1580 1712 1622 levissime
1730 1580 1962 1622 adhibean-

385 1660 467 1705 tur,
501 1665 609 1705 quas
641 1653 749 1694 duas
782 1666 850 1693 res
868 1659 1015 1693 tamen
1033 1659 1126 1694 arte
1143 1653 1256 1694 inter
1272 1665 1319 1693 se
1337 1652 1573 1693 cohaerere
1591 1652 1863 1705 disputatum
1881 1659 1961 1693 est.

313 1736 351 1777 3.
387 1725 458 1766 Ex
499 1725 634 1779 ipsius
676 1726 779 1766 iuris
820 1725 988 1766 iurandi
1028 1730 1181 1766 natura
1213 1724 1353 1776 sequi,
1395 1729 1444 1765 ut
1474 1723 1782 1765 auctoritatem
1814 1729 1964 1764 teneat

384 1798 585 1849 quamvis
626 1796 737 1838 fides
768 1795 937 1837 colatur
967 1806 1111 1847 neque
1143 1796 1260 1848 apud
1293 1801 1447 1848 poetas
1479 1794 1678 1836 laudatos
1709 1794 1826 1837 aliud
1858 1796 1964 1848 quid

386 1881 611 1922 apparere.

311 1952 352 1991 4.
387 1939 457 1981 Ex
503 1952 656 1981 eorum
702 1939 858 1980 fabulis
904 1950 992 1980 non
1039 1951 1251 1991 apparere
1297 1938 1413 1979 viros
1460 1937 1656 1980 Graecos
1698 1937 1867 1980 nobiles
1899 1938 1965 1980 ius

387 2012 616 2053 iurandum
649 2011 829 2052 duxisse
860 2010 1081 2051 actionem
1114 2011 1207 2051 viro
1238 2009 1373 2051 nobili
1404 2010 1640 2065 indignam.

318 2092 354 2136 5.
389 2082 487 2124 Non
533 2095 709 2135 semper
749 2082 841 2123 iure
882 2081 1065 2123 iurando
1107 2094 1220 2134 opus
1260 2095 1371 2132 esse,
1417 2081 1689 2134 plerumque,
1730 2081 1803 2123 ubi
1835 2094 1967 2122 causa

387 2154 502 2196 nulla
533 2154 589 2195 sit
620 2153 861 2203 dissidendi,
894 2153 1159 2206 promissum
1191 2152 1258 2194 vel
1290 2152 1627 2194 affirmationem
1660 2151 1876 2193 sufficere.

314 2226 356 2268 6.
388 2226 544 2267 Iniuria
586 2226 641 2267 ab
686 2224 875 2266 Hirzelio
916 2222 1182 2276 Sophoclem
1230 2224 1427 2277 Euripidi
1466 2224 1630 2277 opponi
1673 2235 1817 2275 neque
1850 2237 1966 2265 com-

389 2298 644 2351 probavisse
676 2309 776 2338 eum
809 2296 874 2337 ius
906 2295 1136 2337 iurandum
1168 2295 1321 2350 Aegeo
1354 2295 1593 2348 Euripideo
1624 2295 1727 2336 nihil
1760 2309 1859 2337 esse
1886 2296 1968 2337 nisi

391 2370 516 2422 „eine
548 2368 807 2423 anstandige
839 2359 1241 2422 Enschuldigung.‘'

311 2594 344 2631 ι)
369 2588 417 2625 cf.
444 2599 480 2635 p.
511 2599 575 2632 ¹3⁴
602 2592 642 2624 et
667 2587 775 2634 ipsos
802 2597 936 2622 versus
964 2595 1027 2630 74¹
1058 2597 1166 2632 sqq.:

782 2646 905 2684 πολλὴν
930 2643 1052 2685 Ιλιξας,
1077 2642 1100 2677 ὦ
1125 2643 1224 2686 γύναι
1249 2645 1431 2686 προμηθίαν

782 2704 861 2738 ἀλλ’
887 2705 915 2738 εἰ
939 2704 1026 2738 δοκεῖ
1049 2717 1109 2743 σοι,
1135 2704 1208 2745 δρᾶν
1233 2703 1311 2737 τάδ’
1337 2703 1395 2737 οὐκ
1419 2703 1614 2746 ἀφίσταμαι

782 2766 858 2807 ἐμοί
879 2777 918 2798 τε
942 2766 1008 2807 γὰρ
1033 2764 1104 2797 τάδ’
1131 2766 1219 2797 ἐστιν
1243 2762 1498 2806 ἀσφαλέστατα

783 2824 902 2864 σκῆψιν
926 2826 987 2857 τιν’
1014 2825 1145 2867 ὶχβροῖς
1172 2826 1241 2863 σοῖς
1267 2825 1391 2865 ἔχοντα
1416 2822 1572 2857 δεικνύναι

783 2887 824 2919 τὸ
849 2887 905 2918 σόν
930 2886 962 2918 τ’
977 2883 1071 2926 ἄραρε
1095 2887 1233 2925 μᾶλλον,

311 2947 445 2993 Neque
471 2946 507 2981 in
533 2945 735 2990 vocabulo,
761 2946 868 2992 quod
894 2951 954 2981 est
978 2944 1110 2986 σκῆψις,
1137 2945 1234 2979 haec
1261 2944 1532 2990 interpretatio
1559 2943 1714 2979 Hirzelii
1740 2944 1810 2979 niti
1830 2949 1973 2990 potest.

263 3006 464 3053 Significat
490 3006 591 3041 enim
617 3016 710 3042 sane
736 3004 800 3051 (cf.
827 3006 930 3052 Pape
959 3005 1013 3041 Gr
1051 3004 1243 3040 Worterb.
1272 3003 1514 3048 „Vorwand”
1541 3003 1561 3038 i.
1585 3004 1634 3046 v.)
1659 3003 1730 3039 sed
1757 3004 1880 3049 prima
1899 3004 1975 3050 sig·

262 3065 434 3102 nificatio
460 3070 543 3101 est:
574 3065 740 3109 „Grund‚
767 3064 919 3101 worauf
939 3075 1027 3100 man
1054 3064 1137 3099 sich
1163 3062 1318 3099 stfitzt.''
1345 3062 1472 3099 Etiam
1502 3063 1733 3109 promissum
1760 3062 1888 3106 σκῆψις,
1915 3067 1975 3099 est

265 3124 385 3162 multo
411 3125 555 3161 certior
580 3130 708 3161 tamen
734 3125 793 3161 ius
819 3124 1033 3168 iurandum,
1060 3128 1120 3160 est
1145 3121 1403 3164 ἀσφαλεστάτη.

314 3184 353 3224 2)
376 3184 425 3220 cs.
453 3195 488 3231 p.
520 3194 597 3231 ¹³5»
624 3195 643 3220 2
668 3184 689 3220 i.
716 3183 740 3220 f.

314 3246 348 3289 3)
374 3243 423 3280 cf.
450 3255 484 3291 p.
517 3253 591 3290 ¹³5·
