<?xml version="1.0" encoding="UTF-8"?>
<!DOCTYPE html PUBLIC "-//W3C//DTD XHTML 1.0 Transitional//EN"
    "http://www.w3.org/TR/xhtml1/DTD/xhtml1-transitional.dtd">
<html xmlns="http://www.w3.org/1999/xhtml" xml:lang="en" lang="en">
 <head>
  <title>
</title>
<meta http-equiv="Content-Type" content="text/html;charset=utf-8" />
  <meta name='ocr-system' content='tesseract 3.04.00' />
  <meta name='ocr-capabilities' content='ocr_page ocr_carea ocr_par ocr_line ocrx_word'/>
</head>
<body>
  <div class='ocr_page' id='page_1' title='image "./deiureiurandoapu00jonguoft_0069.png"; bbox 0 0 2392 3750; ppageno 0'>
   <div class='ocr_carea' id='block_1_1' title="bbox 1108 338 1160 383">
    <p class='ocr_par' dir='ltr' id='par_1_1' title="bbox 1108 338 1160 383">
     <span class='ocr_line' id='line_1_1' title="bbox 1108 338 1160 383; baseline -0.019 0"><span class='ocrx_word' id='word_1_1' title='bbox 1108 338 1160 383; x_wconf 81' lang='lat'><strong>57</strong></span> 
     </span>
    </p>
   </div>
   <div class='ocr_carea' id='block_1_2' title="bbox 270 456 1988 2238">
    <p class='ocr_par' dir='ltr' id='par_1_2' title="bbox 275 456 1987 660">
     <span class='ocr_line' id='line_1_2' title="bbox 277 456 1986 516; baseline -0.002 -13"><span class='ocrx_word' id='word_1_2' title='bbox 277 475 389 516; x_wconf 87' lang='lat' dir='ltr'><strong>quae</strong></span> <span class='ocrx_word' id='word_1_3' title='bbox 421 463 554 504; x_wconf 87' lang='lat' dir='ltr'><strong>verba</strong></span> <span class='ocrx_word' id='word_1_4' title='bbox 584 475 684 503; x_wconf 90' lang='lat' dir='ltr'><strong>cum</strong></span> <span class='ocrx_word' id='word_1_5' title='bbox 715 462 772 504; x_wconf 88' lang='lat' dir='ltr'><strong>ad</strong></span> <span class='ocrx_word' id='word_1_6' title='bbox 803 462 869 503; x_wconf 93' lang='lat' dir='ltr'><strong>ius</strong></span> <span class='ocrx_word' id='word_1_7' title='bbox 885 461 1115 504; x_wconf 87' lang='lat' dir='ltr'><strong>iurandum</strong></span> <span class='ocrx_word' id='word_1_8' title='bbox 1133 461 1320 502; x_wconf 90' lang='lat' dir='ltr'><strong>testibus</strong></span> <span class='ocrx_word' id='word_1_9' title='bbox 1338 460 1531 502; x_wconf 88' lang='lat' dir='ltr'><strong>dandum</strong></span> <span class='ocrx_word' id='word_1_10' title='bbox 1550 460 1655 514; x_wconf 88' lang='lat' dir='ltr'><strong>quin</strong></span> <span class='ocrx_word' id='word_1_11' title='bbox 1672 460 1919 512; x_wconf 87' lang='lat' dir='ltr'><strong>pertineant</strong></span> <span class='ocrx_word' id='word_1_12' title='bbox 1940 456 1986 514; x_wconf 87' lang='lat'><strong>¹),</strong></span> 
     </span>
     <span class='ocr_line' id='line_1_3' title="bbox 276 532 1987 587; baseline -0.002 -12"><span class='ocrx_word' id='word_1_13' title='bbox 276 540 370 575; x_wconf 89' lang='lat' dir='ltr'><strong>tum</strong></span> <span class='ocrx_word' id='word_1_14' title='bbox 412 534 468 575; x_wconf 88' lang='lat' dir='ltr'><strong>ad</strong></span> <span class='ocrx_word' id='word_1_15' title='bbox 513 534 755 575; x_wconf 90' lang='lat' dir='ltr'><strong>iuramenta</strong></span> <span class='ocrx_word' id='word_1_16' title='bbox 786 533 889 574; x_wconf 84' lang='lat' dir='ltr'><strong>data</strong></span> <span class='ocrx_word' id='word_1_17' title='bbox 919 533 970 574; x_wconf 92' lang='lat' dir='ltr'><strong>iis</strong></span> <span class='ocrx_word' id='word_1_18' title='bbox 1002 533 1045 574; x_wconf 89' lang='lat' dir='ltr'><strong>in</strong></span> <span class='ocrx_word' id='word_1_19' title='bbox 1077 534 1233 583; x_wconf 87' lang='lat' dir='ltr'><strong>causis,</strong></span> <span class='ocrx_word' id='word_1_20' title='bbox 1267 534 1342 574; x_wconf 91' lang='lat' dir='ltr'><strong>ubi</strong></span> <span class='ocrx_word' id='word_1_21' title='bbox 1374 539 1521 574; x_wconf 85' lang='lat' dir='ltr'><strong>cetera</strong></span> <span class='ocrx_word' id='word_1_22' title='bbox 1553 532 1700 573; x_wconf 84' lang='lat' dir='ltr'><strong>omnia</strong></span> <span class='ocrx_word' id='word_1_23' title='bbox 1730 538 1987 587; x_wconf 84' lang='lat' dir='ltr'><strong>argumenta</strong></span> 
     </span>
     <span class='ocr_line' id='line_1_4' title="bbox 275 599 1984 660; baseline -0.001 -14"><span class='ocrx_word' id='word_1_24' title='bbox 275 605 436 646; x_wconf 83' lang='lat' dir='ltr'><strong>desunt</strong></span> <span class='ocrx_word' id='word_1_25' title='bbox 454 601 501 660; x_wconf 85' lang='lat'><strong>²),</strong></span> <span class='ocrx_word' id='word_1_26' title='bbox 535 605 716 647; x_wconf 90' lang='lat' dir='ltr'><strong>dubium</strong></span> <span class='ocrx_word' id='word_1_27' title='bbox 747 618 836 646; x_wconf 91' lang='lat' dir='ltr'><strong>non</strong></span> <span class='ocrx_word' id='word_1_28' title='bbox 853 611 935 646; x_wconf 89' lang='lat' dir='ltr'><strong>est.</strong></span> <span class='ocrx_word' id='word_1_29' title='bbox 953 604 1199 658; x_wconf 89' lang='lat' dir='ltr'><strong>Utrumque</strong></span> <span class='ocrx_word' id='word_1_30' title='bbox 1218 605 1283 645; x_wconf 92' lang='lat' dir='ltr'><strong>ius</strong></span> <span class='ocrx_word' id='word_1_31' title='bbox 1301 604 1531 646; x_wconf 88' lang='lat' dir='ltr'><strong>iurandum</strong></span> <span class='ocrx_word' id='word_1_32' title='bbox 1548 604 1833 645; x_wconf 91' lang='lat' dir='ltr'><strong>assertorium</strong></span> <span class='ocrx_word' id='word_1_33' title='bbox 1851 610 1916 644; x_wconf 89' lang='lat' dir='ltr'><strong>est</strong></span> <span class='ocrx_word' id='word_1_34' title='bbox 1934 599 1984 656; x_wconf 78' lang='lat'><strong>³).</strong></span> 
     </span>
    </p>

    <p class='ocr_par' dir='ltr' id='par_1_3' title="bbox 335 675 1672 731">
     <span class='ocr_line' id='line_1_5' title="bbox 335 675 1672 731; baseline -0.001 -13"><span class='ocrx_word' id='word_1_35' title='bbox 335 676 457 718; x_wconf 89' lang='lat' dir='ltr'><strong>Haec</strong></span> <span class='ocrx_word' id='word_1_36' title='bbox 489 678 544 719; x_wconf 94' lang='lat' dir='ltr'><strong>de</strong></span> <span class='ocrx_word' id='word_1_37' title='bbox 577 677 830 718; x_wconf 87' lang='lat' dir='ltr'><strong>iuramentis</strong></span> <span class='ocrx_word' id='word_1_38' title='bbox 862 677 980 730; x_wconf 89' lang='lat' dir='ltr'><strong>apud</strong></span> <span class='ocrx_word' id='word_1_39' title='bbox 1010 675 1279 729; x_wconf 86' lang='lat' dir='ltr'>Aeschylum</span> <span class='ocrx_word' id='word_1_40' title='bbox 1314 688 1426 728; x_wconf 86' lang='lat' dir='ltr'><strong>quae</strong></span> <span class='ocrx_word' id='word_1_41' title='bbox 1457 676 1672 731; x_wconf 87' lang='lat' dir='ltr'><strong>leguntur.</strong></span> 
     </span>
    </p>

    <p class='ocr_par' dir='ltr' id='par_1_4' title="bbox 272 747 1988 1304">
     <span class='ocr_line' id='line_1_6' title="bbox 338 747 1988 801; baseline -0.001 -14"><span class='ocrx_word' id='word_1_42' title='bbox 338 750 403 788; x_wconf 90' lang='lat' dir='ltr'><strong>De</strong></span> <span class='ocrx_word' id='word_1_43' title='bbox 436 750 694 797; x_wconf 81' lang='lat' dir='ltr'>Sophocle:</span> <span class='ocrx_word' id='word_1_44' title='bbox 729 747 874 789; x_wconf 89' lang='lat' dir='ltr'><strong>Iurr.</strong></span> <span class='ocrx_word' id='word_1_45' title='bbox 919 761 947 801; x_wconf 93' lang='lat' dir='ltr'>p</span> <span class='ocrx_word' id='word_1_46' title='bbox 966 748 1372 788; x_wconf 86' lang='lat' dir='ltr'><strong>romissoria:</strong></span> <span class='ocrx_word' id='word_1_47' title='bbox 1407 748 1555 788; x_wconf 90' lang='lat' dir='ltr'><strong>omnia</strong></span> <span class='ocrx_word' id='word_1_48' title='bbox 1586 747 1842 798; x_wconf 87' lang='lat' dir='ltr'><strong>iuramenta,</strong></span> <span class='ocrx_word' id='word_1_49' title='bbox 1875 757 1988 798; x_wconf 86' lang='lat' dir='ltr'><strong>quae</strong></span> 
     </span>
     <span class='ocr_line' id='line_1_7' title="bbox 274 814 1987 872; baseline -0.002 -11"><span class='ocrx_word' id='word_1_50' title='bbox 274 819 391 872; x_wconf 87' lang='lat' dir='ltr'><strong>apud</strong></span> <span class='ocrx_word' id='word_1_51' title='bbox 437 819 704 872; x_wconf 88' lang='lat' dir='ltr'>Sophoclem</span> <span class='ocrx_word' id='word_1_52' title='bbox 746 820 837 861; x_wconf 89' lang='lat' dir='ltr'><strong>sive</strong></span> <span class='ocrx_word' id='word_1_53' title='bbox 868 819 1135 872; x_wconf 85' lang='lat' dir='ltr'><strong>promissum</strong></span> <span class='ocrx_word' id='word_1_54' title='bbox 1168 820 1409 870; x_wconf 84' lang='lat' dir='ltr'><strong>continent,</strong></span> <span class='ocrx_word' id='word_1_55' title='bbox 1442 819 1534 860; x_wconf 90' lang='lat' dir='ltr'><strong>sive</strong></span> <span class='ocrx_word' id='word_1_56' title='bbox 1561 817 1724 871; x_wconf 89' lang='lat' dir='ltr'><strong>aliquid</strong></span> <span class='ocrx_word' id='word_1_57' title='bbox 1750 830 1850 858; x_wconf 90' lang='lat' dir='ltr'><strong>esse</strong></span> <span class='ocrx_word' id='word_1_58' title='bbox 1878 814 1987 871; x_wconf 89' lang='lat' dir='ltr'><strong>(non</strong></span> 
     </span>
     <span class='ocr_line' id='line_1_8' title="bbox 275 889 1987 946; baseline -0.002 -14"><span class='ocrx_word' id='word_1_59' title='bbox 275 894 387 940; x_wconf 90' lang='lat' dir='ltr'><strong>esse)</strong></span> <span class='ocrx_word' id='word_1_60' title='bbox 433 891 668 942; x_wconf 81' lang='lat' dir='ltr'><strong>affirmant,</strong></span> <span class='ocrx_word' id='word_1_61' title='bbox 716 890 885 946; x_wconf 89' lang='lat' dir='ltr'><strong>singula</strong></span> <span class='ocrx_word' id='word_1_62' title='bbox 926 891 1087 931; x_wconf 87' lang='lat' dir='ltr'><strong>referre</strong></span> <span class='ocrx_word' id='word_1_63' title='bbox 1128 889 1308 946; x_wconf 85' lang='lat' dir='ltr'><strong>longum</strong></span> <span class='ocrx_word' id='word_1_64' title='bbox 1340 896 1408 932; x_wconf 91' lang='lat' dir='ltr'><strong>est</strong></span> <span class='ocrx_word' id='word_1_65' title='bbox 1438 901 1584 942; x_wconf 92' lang='lat' dir='ltr'><strong>neque</strong></span> <span class='ocrx_word' id='word_1_66' title='bbox 1614 902 1798 930; x_wconf 90' lang='lat' dir='ltr'><strong>necesse</strong></span> <span class='ocrx_word' id='word_1_67' title='bbox 1829 889 1987 930; x_wconf 92' lang='lat' dir='ltr'><strong>habeo.</strong></span> 
     </span>
     <span class='ocr_line' id='line_1_9' title="bbox 274 961 1987 1005; baseline -0.002 -1"><span class='ocrx_word' id='word_1_68' title='bbox 274 961 473 1004; x_wconf 86' lang='lat' dir='ltr'><strong>Sufficiat</strong></span> <span class='ocrx_word' id='word_1_69' title='bbox 525 962 648 1005; x_wconf 92' lang='lat' dir='ltr'><strong>locos</strong></span> <span class='ocrx_word' id='word_1_70' title='bbox 693 969 864 1004; x_wconf 85' lang='lat' dir='ltr'><strong>tantum</strong></span> <span class='ocrx_word' id='word_1_71' title='bbox 912 975 1194 1004; x_wconf 87' lang='lat' dir='ltr'><strong>enumerare:</strong></span> <span class='ocrx_word' id='word_1_72' title='bbox 1243 961 1400 1004; x_wconf 90' lang='lat' dir='ltr'><strong>Sermo</strong></span> <span class='ocrx_word' id='word_1_73' title='bbox 1448 968 1515 1003; x_wconf 90' lang='lat' dir='ltr'><strong>est</strong></span> <span class='ocrx_word' id='word_1_74' title='bbox 1563 961 1618 1003; x_wconf 92' lang='lat' dir='ltr'><strong>de</strong></span> <span class='ocrx_word' id='word_1_75' title='bbox 1666 962 1758 1002; x_wconf 87' lang='lat' dir='ltr'><strong>iure</strong></span> <span class='ocrx_word' id='word_1_76' title='bbox 1805 961 1987 1002; x_wconf 88' lang='lat' dir='ltr'><strong>iurando</strong></span> 
     </span>
     <span class='ocr_line' id='line_1_10' title="bbox 272 1031 1985 1089; baseline -0.001 -15"><span class='ocrx_word' id='word_1_77' title='bbox 272 1033 555 1087; x_wconf 83' lang='lat' dir='ltr'><em>promissorio</em></span> <span class='ocrx_word' id='word_1_78' title='bbox 586 1034 706 1087; x_wconf 90' lang='lat' dir='ltr'><strong>quod</strong></span> <span class='ocrx_word' id='word_1_79' title='bbox 738 1034 925 1076; x_wconf 89' lang='lat' dir='ltr'><strong>dicitur:</strong></span> <span class='ocrx_word' id='word_1_80' title='bbox 958 1032 1082 1076; x_wconf 89' lang='lat' dir='ltr'><strong>Aiac.</strong></span> <span class='ocrx_word' id='word_1_81' title='bbox 1122 1044 1228 1084; x_wconf 90' lang='lat'>1113</span> <span class='ocrx_word' id='word_1_82' title='bbox 1264 1032 1400 1089; x_wconf 89' lang='lat' dir='ltr'><strong>(idem</strong></span> <span class='ocrx_word' id='word_1_83' title='bbox 1430 1033 1616 1074; x_wconf 84' lang='lat' dir='ltr'><strong>refertur</strong></span> <span class='ocrx_word' id='word_1_84' title='bbox 1654 1034 1807 1084; x_wconf 84' lang='lat'>1233);</span> <span class='ocrx_word' id='word_1_85' title='bbox 1836 1031 1985 1087; x_wconf 86' lang='lat' dir='ltr'><strong>Antig.</strong></span> 
     </span>
     <span class='ocr_line' id='line_1_11' title="bbox 276 1103 1984 1160; baseline -0.002 -12"><span class='ocrx_word' id='word_1_86' title='bbox 276 1116 376 1158; x_wconf 88' lang='lat'>304,</span> <span class='ocrx_word' id='word_1_87' title='bbox 425 1104 572 1158; x_wconf 73' lang='lat'>369⁴),</span> <span class='ocrx_word' id='word_1_88' title='bbox 621 1107 705 1158; x_wconf 92' lang='lat'><strong>388</strong></span> <span class='ocrx_word' id='word_1_89' title='bbox 753 1105 891 1160; x_wconf 91' lang='lat' dir='ltr'><strong>(idem</strong></span> <span class='ocrx_word' id='word_1_90' title='bbox 925 1106 1042 1159; x_wconf 88' lang='lat'>394),</span> <span class='ocrx_word' id='word_1_91' title='bbox 1092 1107 1201 1158; x_wconf 77' lang='lat'><strong>7583</strong></span> <span class='ocrx_word' id='word_1_92' title='bbox 1251 1104 1316 1146; x_wconf 89' lang='lat' dir='ltr'><strong>El.</strong></span> <span class='ocrx_word' id='word_1_93' title='bbox 1359 1106 1460 1156; x_wconf 88' lang='lat'><strong>626,</strong></span> <span class='ocrx_word' id='word_1_94' title='bbox 1500 1105 1635 1155; x_wconf 88' lang='lat'>1238;</span> <span class='ocrx_word' id='word_1_95' title='bbox 1669 1103 1723 1146; x_wconf 91' lang='grc' dir='ltr'><strong>Ο.</strong></span> <span class='ocrx_word' id='word_1_96' title='bbox 1757 1103 1851 1146; x_wconf 91' lang='lat' dir='ltr'><strong>Col.</strong></span> <span class='ocrx_word' id='word_1_97' title='bbox 1884 1103 1984 1156; x_wconf 85' lang='lat'>650,</span> 
     </span>
     <span class='ocr_line' id='line_1_12' title="bbox 280 1175 1986 1231; baseline -0.001 -13"><span class='ocrx_word' id='word_1_98' title='bbox 280 1186 404 1231; x_wconf 87' lang='lat'><strong>1145,</strong></span> <span class='ocrx_word' id='word_1_99' title='bbox 458 1179 581 1230; x_wconf 89' lang='lat'>1637,</span> <span class='ocrx_word' id='word_1_100' title='bbox 635 1179 774 1231; x_wconf 83' lang='lat'>17673</span> <span class='ocrx_word' id='word_1_101' title='bbox 820 1177 926 1218; x_wconf 88' lang='lat' dir='ltr'><strong>Phil.</strong></span> <span class='ocrx_word' id='word_1_102' title='bbox 975 1186 1045 1229; x_wconf 90' lang='lat'><strong>72,</strong></span> <span class='ocrx_word' id='word_1_103' title='bbox 1095 1185 1176 1229; x_wconf 85' lang='lat'><strong>593</strong></span> <span class='ocrx_word' id='word_1_104' title='bbox 1225 1177 1358 1228; x_wconf 87' lang='lat' dir='ltr'><strong>(idem</strong></span> <span class='ocrx_word' id='word_1_105' title='bbox 1405 1176 1524 1229; x_wconf 87' lang='lat'>623),</span> <span class='ocrx_word' id='word_1_106' title='bbox 1574 1177 1674 1227; x_wconf 90' lang='grc'>811,</span> <span class='ocrx_word' id='word_1_107' title='bbox 1706 1186 1807 1227; x_wconf 92' lang='lat'><strong>941,</strong></span> <span class='ocrx_word' id='word_1_108' title='bbox 1846 1175 1986 1227; x_wconf 90' lang='lat'>1367;</span> 
     </span>
     <span class='ocr_line' id='line_1_13' title="bbox 274 1248 1061 1304; baseline -0.001 -14"><span class='ocrx_word' id='word_1_109' title='bbox 274 1248 431 1291; x_wconf 88' lang='lat' dir='ltr'><strong>Trach.</strong></span> <span class='ocrx_word' id='word_1_110' title='bbox 467 1258 566 1304; x_wconf 79' lang='grc'>255,</span> <span class='ocrx_word' id='word_1_111' title='bbox 604 1251 706 1292; x_wconf 88' lang='lat'>1181</span> <span class='ocrx_word' id='word_1_112' title='bbox 747 1249 880 1302; x_wconf 87' lang='lat' dir='ltr'><strong>(idem</strong></span> <span class='ocrx_word' id='word_1_113' title='bbox 919 1249 1061 1303; x_wconf 87' lang='lat'><strong>1223).</strong></span> 
     </span>
    </p>

    <p class='ocr_par' dir='ltr' id='par_1_5' title="bbox 274 1318 1987 1591">
     <span class='ocr_line' id='line_1_14' title="bbox 333 1318 1985 1376; baseline -0.001 -14"><span class='ocrx_word' id='word_1_114' title='bbox 333 1320 481 1362; x_wconf 91' lang='lat' dir='ltr'><strong>Iurr.</strong></span> <span class='ocrx_word' id='word_1_115' title='bbox 529 1321 923 1362; x_wconf 88' lang='lat' dir='ltr'><strong>assertoria:</strong></span> <span class='ocrx_word' id='word_1_116' title='bbox 956 1320 1025 1361; x_wconf 91' lang='lat' dir='ltr'><strong>De</strong></span> <span class='ocrx_word' id='word_1_117' title='bbox 1056 1320 1234 1362; x_wconf 88' lang='lat' dir='ltr'><strong>alterius</strong></span> <span class='ocrx_word' id='word_1_118' title='bbox 1267 1320 1439 1376; x_wconf 85' lang='lat' dir='ltr'><strong>generis</strong></span> <span class='ocrx_word' id='word_1_119' title='bbox 1458 1318 1712 1361; x_wconf 88' lang='lat' dir='ltr'><strong>iuramentis</strong></span> <span class='ocrx_word' id='word_1_120' title='bbox 1730 1325 1796 1360; x_wconf 91' lang='lat' dir='ltr'><strong>est</strong></span> <span class='ocrx_word' id='word_1_121' title='bbox 1815 1331 1985 1360; x_wconf 89' lang='lat' dir='ltr'><strong>sermo:</strong></span> 
     </span>
     <span class='ocr_line' id='line_1_15' title="bbox 274 1388 1987 1448; baseline -0.001 -14"><span class='ocrx_word' id='word_1_122' title='bbox 274 1391 395 1434; x_wconf 90' lang='lat' dir='ltr'><strong>Aiac.</strong></span> <span class='ocrx_word' id='word_1_123' title='bbox 443 1392 530 1444; x_wconf 88' lang='lat'><strong>649</strong></span> <span class='ocrx_word' id='word_1_124' title='bbox 547 1390 608 1446; x_wconf 82' lang='lat'><strong>⁵);</strong></span> <span class='ocrx_word' id='word_1_125' title='bbox 654 1391 805 1448; x_wconf 87' lang='lat' dir='ltr'><strong>Antig.</strong></span> <span class='ocrx_word' id='word_1_126' title='bbox 856 1393 953 1443; x_wconf 88' lang='lat'>264,</span> <span class='ocrx_word' id='word_1_127' title='bbox 1005 1400 1116 1446; x_wconf 81' lang='lat'>5353</span> <span class='ocrx_word' id='word_1_128' title='bbox 1165 1391 1232 1433; x_wconf 88' lang='lat' dir='ltr'><strong>El.</strong></span> <span class='ocrx_word' id='word_1_129' title='bbox 1279 1401 1334 1444; x_wconf 91' lang='lat'><strong>47</strong></span> <span class='ocrx_word' id='word_1_130' title='bbox 1359 1389 1407 1444; x_wconf 77' lang='lat'><strong>⁶),</strong></span> <span class='ocrx_word' id='word_1_131' title='bbox 1456 1391 1571 1444; x_wconf 82' lang='lat'>8813</span> <span class='ocrx_word' id='word_1_132' title='bbox 1620 1389 1675 1432; x_wconf 90' lang='lat' dir='ltr'><strong>O.</strong></span> <span class='ocrx_word' id='word_1_133' title='bbox 1708 1391 1761 1432; x_wconf 89' lang='lat' dir='ltr'><strong>R.</strong></span> <span class='ocrx_word' id='word_1_134' title='bbox 1793 1390 1883 1442; x_wconf 83' lang='grc'><strong>644</strong></span> <span class='ocrx_word' id='word_1_135' title='bbox 1913 1388 1987 1446; x_wconf 90' lang='lat' dir='ltr'><strong>(ad</strong></span> 
     </span>
     <span class='ocr_line' id='line_1_16' title="bbox 274 1459 1984 1518; baseline -0.001 -14"><span class='ocrx_word' id='word_1_136' title='bbox 274 1464 391 1506; x_wconf 89' lang='lat' dir='ltr'><strong>idem</strong></span> <span class='ocrx_word' id='word_1_137' title='bbox 438 1465 503 1505; x_wconf 92' lang='lat' dir='ltr'><strong>ius</strong></span> <span class='ocrx_word' id='word_1_138' title='bbox 550 1464 779 1506; x_wconf 89' lang='lat' dir='ltr'><strong>iurandum</strong></span> <span class='ocrx_word' id='word_1_139' title='bbox 827 1465 1049 1517; x_wconf 79' lang='lat' dir='ltr'><strong>pertinent</strong></span> <span class='ocrx_word' id='word_1_140' title='bbox 1095 1464 1196 1515; x_wconf 90' lang='lat'>646,</span> <span class='ocrx_word' id='word_1_141' title='bbox 1245 1465 1346 1516; x_wconf 85' lang='grc'>651,</span> <span class='ocrx_word' id='word_1_142' title='bbox 1379 1461 1488 1518; x_wconf 85' lang='grc'>656)</span> <span class='ocrx_word' id='word_1_143' title='bbox 1518 1462 1619 1513; x_wconf 88' lang='lat'>660,</span> <span class='ocrx_word' id='word_1_144' title='bbox 1652 1471 1769 1513; x_wconf 89' lang='lat'>944;</span> <span class='ocrx_word' id='word_1_145' title='bbox 1802 1459 1856 1503; x_wconf 89' lang='lat' dir='ltr'><strong>O.</strong></span> <span class='ocrx_word' id='word_1_146' title='bbox 1891 1460 1984 1504; x_wconf 91' lang='lat' dir='ltr'><strong>Col.</strong></span> 
     </span>
     <span class='ocr_line' id='line_1_17' title="bbox 279 1532 1808 1591; baseline -0.001 -14"><span class='ocrx_word' id='word_1_147' title='bbox 279 1543 354 1588; x_wconf 86' lang='grc'><strong>521</strong></span> <span class='ocrx_word' id='word_1_148' title='bbox 381 1549 390 1586; x_wconf 90' lang='grc'><strong>;</strong></span> <span class='ocrx_word' id='word_1_149' title='bbox 422 1535 526 1577; x_wconf 91' lang='lat' dir='ltr'>Phil.</span> <span class='ocrx_word' id='word_1_150' title='bbox 562 1543 660 1588; x_wconf 84' lang='lat'>357,</span> <span class='ocrx_word' id='word_1_151' title='bbox 700 1536 824 1587; x_wconf 90' lang='lat'>1289,</span> <span class='ocrx_word' id='word_1_152' title='bbox 864 1546 988 1587; x_wconf 78' lang='lat'>1293,</span> <span class='ocrx_word' id='word_1_153' title='bbox 1027 1546 1139 1587; x_wconf 88' lang='lat'>13²4</span> <span class='ocrx_word' id='word_1_154' title='bbox 1156 1532 1214 1591; x_wconf 85' lang='lat'><strong>⁷);</strong></span> <span class='ocrx_word' id='word_1_155' title='bbox 1247 1534 1406 1576; x_wconf 84' lang='lat' dir='ltr'><strong>Trach.</strong></span> <span class='ocrx_word' id='word_1_156' title='bbox 1441 1534 1540 1587; x_wconf 93' lang='lat'>378,</span> <span class='ocrx_word' id='word_1_157' title='bbox 1573 1544 1673 1586; x_wconf 91' lang='lat'>399,</span> <span class='ocrx_word' id='word_1_158' title='bbox 1705 1541 1808 1586; x_wconf 90' lang='grc'>427.</span> 
     </span>
    </p>

    <p class='ocr_par' dir='ltr' id='par_1_6' title="bbox 274 1605 1988 1735">
     <span class='ocr_line' id='line_1_18' title="bbox 331 1605 1988 1660; baseline -0.002 -11"><span class='ocrx_word' id='word_1_159' title='bbox 331 1608 517 1649; x_wconf 86' lang='lat' dir='ltr'><strong>Restant</strong></span> <span class='ocrx_word' id='word_1_160' title='bbox 558 1614 707 1649; x_wconf 87' lang='lat' dir='ltr'><strong>autem</strong></span> <span class='ocrx_word' id='word_1_161' title='bbox 751 1607 959 1649; x_wconf 87' lang='lat' dir='ltr'><strong>nonnulla</strong></span> <span class='ocrx_word' id='word_1_162' title='bbox 990 1608 1246 1660; x_wconf 87' lang='lat' dir='ltr'><strong>iuramenta,</strong></span> <span class='ocrx_word' id='word_1_163' title='bbox 1280 1607 1336 1648; x_wconf 91' lang='lat' dir='ltr'><strong>de</strong></span> <span class='ocrx_word' id='word_1_164' title='bbox 1368 1607 1528 1660; x_wconf 88' lang='lat' dir='ltr'><strong>quibus</strong></span> <span class='ocrx_word' id='word_1_165' title='bbox 1559 1605 1736 1648; x_wconf 88' lang='lat' dir='ltr'><strong>difficile</strong></span> <span class='ocrx_word' id='word_1_166' title='bbox 1767 1611 1835 1647; x_wconf 86' lang='lat' dir='ltr'><strong>est</strong></span> <span class='ocrx_word' id='word_1_167' title='bbox 1867 1611 1988 1646; x_wconf 87' lang='lat' dir='ltr'><strong>certa</strong></span> 
     </span>
     <span class='ocr_line' id='line_1_19' title="bbox 274 1677 1985 1735; baseline -0.001 -15"><span class='ocrx_word' id='word_1_168' title='bbox 274 1680 441 1721; x_wconf 88' lang='lat' dir='ltr'><strong>ratione</strong></span> <span class='ocrx_word' id='word_1_169' title='bbox 473 1679 726 1730; x_wconf 90' lang='lat' dir='ltr'><strong>diiudicare,</strong></span> <span class='ocrx_word' id='word_1_170' title='bbox 760 1680 898 1721; x_wconf 91' lang='lat' dir='ltr'><strong>utrius</strong></span> <span class='ocrx_word' id='word_1_171' title='bbox 930 1680 1018 1721; x_wconf 89' lang='lat' dir='ltr'><strong>sint</strong></span> <span class='ocrx_word' id='word_1_172' title='bbox 1035 1679 1221 1735; x_wconf 87' lang='lat' dir='ltr'><strong>generis.</strong></span> <span class='ocrx_word' id='word_1_173' title='bbox 1251 1678 1446 1720; x_wconf 88' lang='lat' dir='ltr'><strong>Medium</strong></span> <span class='ocrx_word' id='word_1_174' title='bbox 1464 1678 1588 1731; x_wconf 88' lang='lat' dir='ltr'><strong>quasi</strong></span> <span class='ocrx_word' id='word_1_175' title='bbox 1606 1677 1752 1720; x_wconf 92' lang='lat' dir='ltr'><strong>locum</strong></span> <span class='ocrx_word' id='word_1_176' title='bbox 1769 1677 1985 1719; x_wconf 88' lang='lat' dir='ltr'><strong>obtinent.</strong></span> 
     </span>
    </p>

    <p class='ocr_par' dir='ltr' id='par_1_7' title="bbox 333 1745 1897 1805">
     <span class='ocr_line' id='line_1_20' title="bbox 333 1745 1897 1805; baseline -0.001 -14"><span class='ocrx_word' id='word_1_177' title='bbox 333 1747 487 1804; x_wconf 56' lang='lat' dir='ltr'><strong>Anttg.</strong></span> <span class='ocrx_word' id='word_1_178' title='bbox 526 1753 621 1802; x_wconf 90' lang='lat'><strong>184.</strong></span> <span class='ocrx_word' id='word_1_179' title='bbox 655 1749 733 1800; x_wconf 72' lang='grc' dir='ltr'><strong>ἐγώ</strong></span> <span class='ocrx_word' id='word_1_180' title='bbox 764 1748 862 1802; x_wconf 72' lang='grc' dir='ltr'><strong>γὰρ,</strong></span> <span class='ocrx_word' id='word_1_181' title='bbox 894 1751 1034 1805; x_wconf 91' lang='lat' dir='ltr'><strong>inquit</strong></span> <span class='ocrx_word' id='word_1_182' title='bbox 1067 1750 1193 1802; x_wconf 86' lang='lat' dir='ltr'><strong>Creo,</strong></span> <span class='ocrx_word' id='word_1_183' title='bbox 1228 1748 1323 1791; x_wconf 79' lang='grc' dir='ltr'><em>ἵστω</em></span> <span class='ocrx_word' id='word_1_184' title='bbox 1355 1748 1454 1796; x_wconf 83' lang='grc' dir='ltr'><em>Ζεὺς</em></span> <span class='ocrx_word' id='word_1_185' title='bbox 1485 1748 1502 1790; x_wconf 82' lang='grc' dir='ltr'><em>ὁ</em></span> <span class='ocrx_word' id='word_1_186' title='bbox 1533 1745 1664 1791; x_wconf 68' lang='grc' dir='ltr'>πάνθ’</span> <span class='ocrx_word' id='word_1_187' title='bbox 1698 1747 1790 1800; x_wconf 80' lang='grc' dir='ltr'><em>ὁρῶν</em></span> <span class='ocrx_word' id='word_1_188' title='bbox 1818 1746 1897 1797; x_wconf 71' lang='grc' dir='ltr'><strong>ἀεί,</strong></span> 
     </span>
    </p>

    <p class='ocr_par' dir='ltr' id='par_1_8' title="bbox 659 1818 1680 1874">
     <span class='ocr_line' id='line_1_21' title="bbox 659 1818 1680 1874; baseline 0.001 -11"><span class='ocrx_word' id='word_1_189' title='bbox 659 1820 742 1863; x_wconf 73' lang='grc' dir='ltr'><strong>οὔτ’</strong></span> <span class='ocrx_word' id='word_1_190' title='bbox 776 1820 826 1863; x_wconf 74' lang='grc' dir='ltr'><strong>ἄν</strong></span> <span class='ocrx_word' id='word_1_191' title='bbox 857 1822 1103 1872; x_wconf 74' lang='grc' dir='ltr'><strong><em>σιωπήσαιμι</em></strong></span> <span class='ocrx_word' id='word_1_192' title='bbox 1133 1820 1203 1869; x_wconf 72' lang='grc' dir='ltr'><strong>τὴν</strong></span> <span class='ocrx_word' id='word_1_193' title='bbox 1236 1818 1339 1870; x_wconf 74' lang='grc' dir='ltr'><strong>ἄτην</strong></span> <span class='ocrx_word' id='word_1_194' title='bbox 1371 1820 1461 1874; x_wconf 77' lang='grc' dir='ltr'><em>δρῶν</em></span> <span class='ocrx_word' id='word_1_195' title='bbox 1495 1854 1680 1864; x_wconf 92' lang='grc'><strong>.....</strong></span> 
     </span>
    </p>

    <p class='ocr_par' dir='ltr' id='par_1_9' title="bbox 270 1883 1986 2092">
     <span class='ocr_line' id='line_1_22' title="bbox 330 1883 1985 1948; baseline -0.001 -12"><span class='ocrx_word' id='word_1_196' title='bbox 330 1892 446 1936; x_wconf 84' lang='lat' dir='ltr'><strong>Sane</strong></span> <span class='ocrx_word' id='word_1_197' title='bbox 507 1895 627 1937; x_wconf 90' lang='lat' dir='ltr'><strong>hisce</strong></span> <span class='ocrx_word' id='word_1_198' title='bbox 647 1883 650 1886; x_wconf 35' lang='grc'>’</span> <span class='ocrx_word' id='word_1_199' title='bbox 673 1895 818 1936; x_wconf 91' lang='lat' dir='ltr'><strong>verbis</strong></span> <span class='ocrx_word' id='word_1_200' title='bbox 865 1895 978 1936; x_wconf 89' lang='lat' dir='ltr'><strong>inest</strong></span> <span class='ocrx_word' id='word_1_201' title='bbox 1026 1894 1306 1948; x_wconf 88' lang='lat' dir='ltr'><strong>promissum,</strong></span> <span class='ocrx_word' id='word_1_202' title='bbox 1349 1894 1523 1936; x_wconf 89' lang='lat' dir='ltr'><strong>additur</strong></span> <span class='ocrx_word' id='word_1_203' title='bbox 1570 1900 1720 1936; x_wconf 90' lang='lat' dir='ltr'><strong>tamen</strong></span> <span class='ocrx_word' id='word_1_204' title='bbox 1767 1893 1985 1944; x_wconf 89' lang='lat' dir='ltr'><strong>condicio,</strong></span> 
     </span>
     <span class='ocr_line' id='line_1_23' title="bbox 270 1965 1986 2022; baseline -0.001 -14"><span class='ocrx_word' id='word_1_205' title='bbox 270 1973 338 2008; x_wconf 91' lang='lat' dir='ltr'><strong>est</strong></span> <span class='ocrx_word' id='word_1_206' title='bbox 383 1967 603 2008; x_wconf 88' lang='lat' dir='ltr'><strong>sententia</strong></span> <span class='ocrx_word' id='word_1_207' title='bbox 649 1967 902 2021; x_wconf 87' lang='lat' dir='ltr'><strong>potentialis</strong></span> <span class='ocrx_word' id='word_1_208' title='bbox 932 1979 1066 2019; x_wconf 88' lang='lat' dir='ltr'><strong>quam</strong></span> <span class='ocrx_word' id='word_1_209' title='bbox 1098 1966 1262 2017; x_wconf 89' lang='lat' dir='ltr'><strong>dicunt,</strong></span> <span class='ocrx_word' id='word_1_210' title='bbox 1296 1978 1409 2020; x_wconf 88' lang='lat' dir='ltr'><strong>quae</strong></span> <span class='ocrx_word' id='word_1_211' title='bbox 1441 1966 1497 2008; x_wconf 84' lang='lat' dir='ltr'><strong>ad</strong></span> <span class='ocrx_word' id='word_1_212' title='bbox 1528 1979 1667 2022; x_wconf 85' lang='lat' dir='ltr'><strong>genus</strong></span> <span class='ocrx_word' id='word_1_213' title='bbox 1700 1965 1986 2007; x_wconf 84' lang='lat' dir='ltr'><strong>assertorium</strong></span> 
     </span>
     <span class='ocr_line' id='line_1_24' title="bbox 273 2038 691 2092; baseline -0.002 -13"><span class='ocrx_word' id='word_1_214' title='bbox 273 2038 475 2092; x_wconf 86' lang='lat' dir='ltr'><strong>proxime</strong></span> <span class='ocrx_word' id='word_1_215' title='bbox 506 2039 691 2080; x_wconf 90' lang='lat' dir='ltr'><strong>accedit.</strong></span> 
     </span>
    </p>

    <p class='ocr_par' dir='ltr' id='par_1_10' title="bbox 272 2108 1987 2238">
     <span class='ocr_line' id='line_1_25' title="bbox 330 2108 1986 2162; baseline -0.001 -11"><span class='ocrx_word' id='word_1_216' title='bbox 330 2108 397 2151; x_wconf 86' lang='lat' dir='ltr'><strong>El.</strong></span> <span class='ocrx_word' id='word_1_217' title='bbox 453 2110 560 2152; x_wconf 89' lang='lat'><strong>1062</strong></span> <span class='ocrx_word' id='word_1_218' title='bbox 609 2111 768 2152; x_wconf 91' lang='lat' dir='ltr'><strong>chorus</strong></span> <span class='ocrx_word' id='word_1_219' title='bbox 814 2109 1003 2152; x_wconf 86' lang='lat' dir='ltr'><strong>affirmat</strong></span> <span class='ocrx_word' id='word_1_220' title='bbox 1044 2111 1210 2152; x_wconf 85' lang='lat' dir='ltr'><strong>iuratus</strong></span> <span class='ocrx_word' id='word_1_221' title='bbox 1257 2110 1331 2151; x_wconf 92' lang='lat' dir='ltr'><strong>diu</strong></span> <span class='ocrx_word' id='word_1_222' title='bbox 1379 2109 1585 2162; x_wconf 89' lang='lat' dir='ltr'><strong>impunos</strong></span> <span class='ocrx_word' id='word_1_223' title='bbox 1631 2122 1720 2151; x_wconf 90' lang='lat' dir='ltr'><strong>non</strong></span> <span class='ocrx_word' id='word_1_224' title='bbox 1767 2109 1862 2151; x_wconf 87' lang='lat' dir='ltr'><strong>fore</strong></span> <span class='ocrx_word' id='word_1_225' title='bbox 1894 2121 1986 2162; x_wconf 93' lang='lat' dir='ltr'><strong>eos,</strong></span> 
     </span>
     <span class='ocr_line' id='line_1_26' title="bbox 272 2181 1987 2238; baseline -0.001 -14"><span class='ocrx_word' id='word_1_226' title='bbox 272 2183 348 2238; x_wconf 91' lang='lat' dir='ltr'><strong>qui</strong></span> <span class='ocrx_word' id='word_1_227' title='bbox 379 2181 760 2238; x_wconf 87' lang='lat' dir='ltr'><strong>Agamemnonem</strong></span> <span class='ocrx_word' id='word_1_228' title='bbox 791 2183 1058 2225; x_wconf 87' lang='lat' dir='ltr'><strong>necaverint.</strong></span> <span class='ocrx_word' id='word_1_229' title='bbox 1091 2181 1207 2225; x_wconf 88' lang='lat' dir='ltr'><strong>Sane</strong></span> <span class='ocrx_word' id='word_1_230' title='bbox 1239 2182 1295 2223; x_wconf 88' lang='lat' dir='ltr'><strong>ad</strong></span> <span class='ocrx_word' id='word_1_231' title='bbox 1328 2187 1504 2234; x_wconf 90' lang='lat' dir='ltr'><strong>tempus</strong></span> <span class='ocrx_word' id='word_1_232' title='bbox 1537 2181 1759 2235; x_wconf 88' lang='lat' dir='ltr'><strong>pertinent</strong></span> <span class='ocrx_word' id='word_1_233' title='bbox 1792 2181 1987 2223; x_wconf 90' lang='lat' dir='ltr'><strong>futurum</strong></span> 
     </span>
    </p>
   </div>
   <div class='ocr_carea' id='block_1_3' title="bbox 273 2328 555 2336">
    <p class='ocr_par' dir='ltr' id='par_1_11' title="bbox 273 2328 555 2336">
     <span class='ocr_line' id='line_1_27' title="bbox 273 2328 555 2336; baseline 0 1414"><span class='ocrx_word' id='word_1_234' title='bbox 273 2328 555 2336; x_wconf 95' lang='lat' dir='ltr'><strong> </strong></span> 
     </span>
    </p>
   </div>
   <div class='ocr_carea' id='block_1_4' title="bbox 273 2423 1988 3310">
    <p class='ocr_par' dir='ltr' id='par_1_12' title="bbox 273 2423 1986 2533">
     <span class='ocr_line' id='line_1_28' title="bbox 323 2423 1986 2471; baseline -0.002 -8"><span class='ocrx_word' id='word_1_235' title='bbox 323 2431 356 2470; x_wconf 86' lang='grc'><strong>1)</strong></span> <span class='ocrx_word' id='word_1_236' title='bbox 394 2427 442 2463; x_wconf 92' lang='lat' dir='ltr'><strong>cf.</strong></span> <span class='ocrx_word' id='word_1_237' title='bbox 481 2427 530 2462; x_wconf 89' lang='lat' dir='ltr'><strong>de</strong></span> <span class='ocrx_word' id='word_1_238' title='bbox 569 2426 677 2462; x_wconf 86' lang='lat' dir='ltr'><strong>hisce</strong></span> <span class='ocrx_word' id='word_1_239' title='bbox 716 2426 942 2461; x_wconf 86' lang='lat' dir='ltr'><strong>iuramentis</strong></span> <span class='ocrx_word' id='word_1_240' title='bbox 980 2424 1263 2471; x_wconf 76' lang='lat' dir='ltr'><strong>Schom.·Lips.</strong></span> <span class='ocrx_word' id='word_1_241' title='bbox 1289 2424 1348 2462; x_wconf 84' lang='lat' dir='ltr'><strong>H⁴.</strong></span> <span class='ocrx_word' id='word_1_242' title='bbox 1375 2435 1412 2470; x_wconf 90' lang='lat' dir='ltr'><strong>p.</strong></span> <span class='ocrx_word' id='word_1_243' title='bbox 1441 2427 1532 2468; x_wconf 84' lang='lat'>282;</span> <span class='ocrx_word' id='word_1_244' title='bbox 1571 2423 1869 2461; x_wconf 76' lang='lat' dir='ltr'><strong>Meier-Schom.</strong></span> <span class='ocrx_word' id='word_1_245' title='bbox 1907 2424 1986 2460; x_wconf 89' lang='lat' dir='ltr'><strong>Der</strong></span> 
     </span>
     <span class='ocr_line' id='line_1_29' title="bbox 273 2487 726 2533; baseline -0.004 -10"><span class='ocrx_word' id='word_1_246' title='bbox 273 2487 355 2524; x_wconf 83' lang='lat' dir='ltr'><strong>Att.</strong></span> <span class='ocrx_word' id='word_1_247' title='bbox 380 2487 557 2531; x_wconf 88' lang='lat' dir='ltr'><strong>Process,</strong></span> <span class='ocrx_word' id='word_1_248' title='bbox 582 2498 620 2533; x_wconf 91' lang='lat' dir='ltr'><strong>p.</strong></span> <span class='ocrx_word' id='word_1_249' title='bbox 647 2487 726 2531; x_wconf 88' lang='grc'>885.</span> 
     </span>
    </p>

    <p class='ocr_par' dir='ltr' id='par_1_13' title="bbox 321 2545 1037 2592">
     <span class='ocr_line' id='line_1_30' title="bbox 321 2545 1037 2592; baseline -0.003 -9"><span class='ocrx_word' id='word_1_250' title='bbox 321 2547 356 2591; x_wconf 87' lang='lat'><strong>2)</strong></span> <span class='ocrx_word' id='word_1_251' title='bbox 382 2546 430 2583; x_wconf 86' lang='lat' dir='ltr'><strong>cs.</strong></span> <span class='ocrx_word' id='word_1_252' title='bbox 457 2546 753 2583; x_wconf 71' lang='lat' dir='ltr'><strong>Meier-Schom.</strong></span> <span class='ocrx_word' id='word_1_253' title='bbox 779 2556 815 2581; x_wconf 92' lang='lat' dir='ltr'><strong>o.</strong></span> <span class='ocrx_word' id='word_1_254' title='bbox 842 2545 864 2582; x_wconf 85' lang='lat'><strong>1.</strong></span> <span class='ocrx_word' id='word_1_255' title='bbox 890 2556 926 2592; x_wconf 89' lang='lat' dir='ltr'><strong>p.</strong></span> <span class='ocrx_word' id='word_1_256' title='bbox 955 2547 1037 2589; x_wconf 85' lang='lat'><strong>899.</strong></span> 
     </span>
    </p>

    <p class='ocr_par' dir='ltr' id='par_1_14' title="bbox 273 2603 1988 2833">
     <span class='ocr_line' id='line_1_31' title="bbox 321 2603 1988 2651; baseline -0.002 -8"><span class='ocrx_word' id='word_1_257' title='bbox 321 2610 357 2651; x_wconf 89' lang='lat'><strong>3)</strong></span> <span class='ocrx_word' id='word_1_258' title='bbox 396 2607 481 2643; x_wconf 88' lang='lat' dir='ltr'><strong>Non</strong></span> <span class='ocrx_word' id='word_1_259' title='bbox 521 2607 699 2642; x_wconf 87' lang='lat' dir='ltr'><strong>iurabant</strong></span> <span class='ocrx_word' id='word_1_260' title='bbox 726 2605 890 2642; x_wconf 82' lang='lat' dir='ltr'><strong>Athenis</strong></span> <span class='ocrx_word' id='word_1_261' title='bbox 917 2610 1040 2641; x_wconf 86' lang='lat' dir='ltr'><strong>testes</strong></span> <span class='ocrx_word' id='word_1_262' title='bbox 1066 2615 1108 2641; x_wconf 91' lang='lat' dir='ltr'><strong>se</strong></span> <span class='ocrx_word' id='word_1_263' title='bbox 1135 2615 1226 2641; x_wconf 86' lang='lat' dir='ltr'><strong>vere</strong></span> <span class='ocrx_word' id='word_1_264' title='bbox 1252 2604 1426 2640; x_wconf 86' lang='lat' dir='ltr'><strong>dicturos</strong></span> <span class='ocrx_word' id='word_1_265' title='bbox 1452 2603 1524 2640; x_wconf 84' lang='lat' dir='ltr'><strong>sed</strong></span> <span class='ocrx_word' id='word_1_266' title='bbox 1550 2604 1771 2640; x_wconf 85' lang='lat' dir='ltr'><strong>testimonia</strong></span> <span class='ocrx_word' id='word_1_267' title='bbox 1796 2604 1834 2640; x_wconf 89' lang='lat' dir='ltr'><strong>in</strong></span> <span class='ocrx_word' id='word_1_268' title='bbox 1857 2603 1988 2640; x_wconf 84' lang='lat' dir='ltr'><strong>tabula</strong></span> 
     </span>
     <span class='ocr_line' id='line_1_32' title="bbox 273 2664 1987 2713; baseline 0.001 -14"><span class='ocrx_word' id='word_1_269' title='bbox 273 2667 514 2713; x_wconf 87' lang='lat' dir='ltr'><strong>descriptum</strong></span> <span class='ocrx_word' id='word_1_270' title='bbox 554 2666 815 2702; x_wconf 79' lang='lat' dir='ltr'><strong>afferebantur</strong></span> <span class='ocrx_word' id='word_1_271' title='bbox 851 2667 889 2702; x_wconf 84' lang='lat' dir='ltr'><strong>in</strong></span> <span class='ocrx_word' id='word_1_272' title='bbox 930 2665 1093 2708; x_wconf 75' lang='grc' dir='ltr'><strong><em>ἀνακρίσει</em></strong></span> <span class='ocrx_word' id='word_1_273' title='bbox 1132 2676 1249 2712; x_wconf 83' lang='lat' dir='ltr'><strong>quam</strong></span> <span class='ocrx_word' id='word_1_274' title='bbox 1290 2665 1484 2700; x_wconf 85' lang='lat' dir='ltr'><strong>dicebant.</strong></span> <span class='ocrx_word' id='word_1_275' title='bbox 1523 2664 1664 2701; x_wconf 82' lang='lat' dir='ltr'><strong>Coram</strong></span> <span class='ocrx_word' id='word_1_276' title='bbox 1690 2664 1818 2700; x_wconf 85' lang='lat' dir='ltr'><strong>iudice</strong></span> <span class='ocrx_word' id='word_1_277' title='bbox 1845 2664 1987 2701; x_wconf 85' lang='lat' dir='ltr'><strong>deinde</strong></span> 
     </span>
     <span class='ocr_line' id='line_1_33' title="bbox 273 2724 1987 2771; baseline -0.001 -9"><span class='ocrx_word' id='word_1_278' title='bbox 273 2727 355 2762; x_wconf 88' lang='lat' dir='ltr'><strong>iure</strong></span> <span class='ocrx_word' id='word_1_279' title='bbox 382 2726 546 2763; x_wconf 88' lang='lat' dir='ltr'><strong>iurando</strong></span> <span class='ocrx_word' id='word_1_280' title='bbox 572 2727 851 2763; x_wconf 81' lang='lat' dir='ltr'><strong>asseverabant</strong></span> <span class='ocrx_word' id='word_1_281' title='bbox 876 2731 999 2762; x_wconf 88' lang='lat' dir='ltr'><strong>testes</strong></span> <span class='ocrx_word' id='word_1_282' title='bbox 1025 2736 1068 2762; x_wconf 89' lang='lat' dir='ltr'><strong>se</strong></span> <span class='ocrx_word' id='word_1_283' title='bbox 1094 2736 1187 2761; x_wconf 82' lang='lat' dir='ltr'><strong>vera</strong></span> <span class='ocrx_word' id='word_1_284' title='bbox 1213 2735 1259 2760; x_wconf 91' lang='lat' dir='ltr'><strong>ea</strong></span> <span class='ocrx_word' id='word_1_285' title='bbox 1284 2725 1503 2771; x_wconf 84' lang='lat' dir='ltr'><strong>scripsisse.</strong></span> <span class='ocrx_word' id='word_1_286' title='bbox 1529 2724 1578 2760; x_wconf 83' lang='lat' dir='ltr'><strong>cf.</strong></span> <span class='ocrx_word' id='word_1_287' title='bbox 1605 2724 1898 2761; x_wconf 74' lang='lat' dir='ltr'><strong>Meier·Sch6m.</strong></span> <span class='ocrx_word' id='word_1_288' title='bbox 1914 2735 1949 2761; x_wconf 88' lang='lat' dir='ltr'><strong>o.</strong></span> <span class='ocrx_word' id='word_1_289' title='bbox 1965 2724 1987 2762; x_wconf 84' lang='lat'><strong>1.</strong></span> 
     </span>
     <span class='ocr_line' id='line_1_34' title="bbox 274 2786 1104 2833; baseline 0.001 -12"><span class='ocrx_word' id='word_1_290' title='bbox 274 2796 314 2833; x_wconf 87' lang='lat' dir='ltr'><strong>p.</strong></span> <span class='ocrx_word' id='word_1_291' title='bbox 343 2788 423 2831; x_wconf 84' lang='lat'><strong>885.</strong></span> <span class='ocrx_word' id='word_1_292' title='bbox 449 2786 656 2822; x_wconf 85' lang='lat' dir='ltr'><strong>Praeterea</strong></span> <span class='ocrx_word' id='word_1_293' title='bbox 682 2786 811 2822; x_wconf 87' lang='lat' dir='ltr'><strong>Hirzel</strong></span> <span class='ocrx_word' id='word_1_294' title='bbox 837 2797 872 2822; x_wconf 89' lang='lat' dir='ltr'><strong>o.</strong></span> <span class='ocrx_word' id='word_1_295' title='bbox 900 2786 921 2822; x_wconf 90' lang='grc' dir='ltr'><strong>Ι.</strong></span> <span class='ocrx_word' id='word_1_296' title='bbox 949 2797 986 2833; x_wconf 92' lang='lat' dir='ltr'><strong>p.</strong></span> <span class='ocrx_word' id='word_1_297' title='bbox 1012 2800 1046 2829; x_wconf 76' lang='lat'><strong>⁴·</strong></span> <span class='ocrx_word' id='word_1_298' title='bbox 1071 2788 1104 2822; x_wconf 90' lang='lat'><strong>6.</strong></span> 
     </span>
    </p>

    <p class='ocr_par' dir='ltr' id='par_1_15' title="bbox 276 2843 1985 2951">
     <span class='ocr_line' id='line_1_35' title="bbox 321 2843 1985 2892; baseline -0.001 -11"><span class='ocrx_word' id='word_1_299' title='bbox 321 2844 360 2892; x_wconf 84' lang='lat'><strong>⁴)</strong></span> <span class='ocrx_word' id='word_1_300' title='bbox 398 2846 567 2892; x_wconf 88' lang='lat' dir='ltr'><strong>pertinet</strong></span> <span class='ocrx_word' id='word_1_301' title='bbox 617 2846 666 2881; x_wconf 88' lang='lat' dir='ltr'><strong>ad</strong></span> <span class='ocrx_word' id='word_1_302' title='bbox 704 2847 762 2882; x_wconf 85' lang='lat' dir='ltr'><strong>ius</strong></span> <span class='ocrx_word' id='word_1_303' title='bbox 802 2846 1005 2882; x_wconf 87' lang='lat' dir='ltr'><strong>iurandum</strong></span> <span class='ocrx_word' id='word_1_304' title='bbox 1044 2846 1213 2882; x_wconf 89' lang='lat' dir='ltr'><strong>iudicum</strong></span> <span class='ocrx_word' id='word_1_305' title='bbox 1252 2845 1290 2880; x_wconf 88' lang='lat' dir='ltr'><strong>in</strong></span> <span class='ocrx_word' id='word_1_306' title='bbox 1330 2843 1501 2880; x_wconf 90' lang='lat' dir='ltr'><strong>ineundo</strong></span> <span class='ocrx_word' id='word_1_307' title='bbox 1541 2844 1780 2891; x_wconf 81' lang='lat' dir='ltr'><strong>magistratu.</strong></span> <span class='ocrx_word' id='word_1_308' title='bbox 1819 2843 1868 2880; x_wconf 84' lang='lat' dir='ltr'><strong>cf.</strong></span> <span class='ocrx_word' id='word_1_309' title='bbox 1892 2844 1985 2891; x_wconf 86' lang='lat' dir='ltr'><strong>Cap.</strong></span> 
     </span>
     <span class='ocr_line' id='line_1_36' title="bbox 276 2905 963 2951; baseline 0.001 -11"><span class='ocrx_word' id='word_1_310' title='bbox 276 2905 497 2951; x_wconf 86' lang='lat' dir='ltr'><strong>proximum</strong></span> <span class='ocrx_word' id='word_1_311' title='bbox 523 2905 641 2951; x_wconf 77' lang='lat' dir='ltr'><strong>„quid</strong></span> <span class='ocrx_word' id='word_1_312' title='bbox 667 2905 794 2942; x_wconf 86' lang='lat' dir='ltr'><strong>valeat</strong></span> <span class='ocrx_word' id='word_1_313' title='bbox 819 2906 841 2942; x_wconf 90' lang='lat' dir='ltr'><strong>i.</strong></span> <span class='ocrx_word' id='word_1_314' title='bbox 870 2906 963 2941; x_wconf 88' lang='lat' dir='ltr'><strong>iur.&#39;&#39;</strong></span> 
     </span>
    </p>

    <p class='ocr_par' dir='ltr' id='par_1_16' title="bbox 275 2962 1986 3067">
     <span class='ocr_line' id='line_1_37' title="bbox 324 2962 1986 3010; baseline -0.003 -10"><span class='ocrx_word' id='word_1_315' title='bbox 324 2964 359 3010; x_wconf 89' lang='grc'><strong>5)</strong></span> <span class='ocrx_word' id='word_1_316' title='bbox 398 2964 483 3000; x_wconf 89' lang='lat' dir='ltr'><strong>Non</strong></span> <span class='ocrx_word' id='word_1_317' title='bbox 521 2969 676 3000; x_wconf 84' lang='lat' dir='ltr'><strong>constat</strong></span> <span class='ocrx_word' id='word_1_318' title='bbox 713 2970 853 3001; x_wconf 87' lang='lat' dir='ltr'><strong>tamen.</strong></span> <span class='ocrx_word' id='word_1_319' title='bbox 899 2963 976 2998; x_wconf 69' lang='grc' dir='ltr'><strong>κούκ</strong></span> <span class='ocrx_word' id='word_1_320' title='bbox 1008 2963 1082 2997; x_wconf 68' lang='grc' dir='ltr'><strong><em>’ἐστ’</em></strong></span> <span class='ocrx_word' id='word_1_321' title='bbox 1120 2963 1272 3001; x_wconf 66' lang='grc' dir='ltr'><strong>ἄελπτον.</strong></span> <span class='ocrx_word' id='word_1_322' title='bbox 1312 2964 1436 3010; x_wconf 85' lang='lat' dir='ltr'><strong>inquit</strong></span> <span class='ocrx_word' id='word_1_323' title='bbox 1475 2963 1576 2999; x_wconf 81' lang='lat' dir='ltr'><strong>Aiax</strong></span> <span class='ocrx_word' id='word_1_324' title='bbox 1603 2968 1764 3006; x_wconf 87' lang='lat' dir='ltr'><strong>tantum,</strong></span> <span class='ocrx_word' id='word_1_325' title='bbox 1790 2962 1880 2997; x_wconf 65' lang='lat' dir='ltr'><strong>osum</strong></span> <span class='ocrx_word' id='word_1_326' title='bbox 1907 2962 1986 2996; x_wconf 65' lang='grc' dir='ltr'><strong>ἀλλ’</strong></span> 
     </span>
     <span class='ocr_line' id='line_1_38' title="bbox 275 3022 1200 3067; baseline 0.001 -10"><span class='ocrx_word' id='word_1_327' title='bbox 275 3024 447 3057; x_wconf 69' lang='grc' dir='ltr'><strong><em>ἁλίσκεται</em></strong></span> <span class='ocrx_word' id='word_1_328' title='bbox 471 3023 525 3067; x_wconf 70' lang='grc' dir='ltr'><strong><em>χώ</em></strong></span> <span class='ocrx_word' id='word_1_329' title='bbox 549 3022 644 3061; x_wconf 74' lang='grc' dir='ltr'><strong><em>δεινὸς</em></strong></span> <span class='ocrx_word' id='word_1_330' title='bbox 669 3024 754 3065; x_wconf 68' lang='grc' dir='ltr'><strong><em>ὅρκος</em></strong></span> <span class='ocrx_word' id='word_1_331' title='bbox 778 3024 844 3067; x_wconf 73' lang='grc' dir='ltr'><strong>χοι]</strong></span> <span class='ocrx_word' id='word_1_332' title='bbox 867 3029 1060 3067; x_wconf 60' lang='lat' dir='ltr'><strong>representas</strong></span> <span class='ocrx_word' id='word_1_333' title='bbox 1085 3023 1200 3067; x_wconf 70' lang='grc' dir='ltr'>Φρίνις.</span> 
     </span>
    </p>

    <p class='ocr_par' dir='ltr' id='par_1_17' title="bbox 322 3083 1491 3131">
     <span class='ocr_line' id='line_1_39' title="bbox 322 3083 1491 3131; baseline 0 -13"><span class='ocrx_word' id='word_1_334' title='bbox 322 3083 413 3120; x_wconf 88' lang='lat' dir='ltr'><strong>Veri</strong></span> <span class='ocrx_word' id='word_1_335' title='bbox 438 3083 562 3120; x_wconf 82' lang='lat' dir='ltr'><strong>simile</strong></span> <span class='ocrx_word' id='word_1_336' title='bbox 588 3089 649 3120; x_wconf 88' lang='lat' dir='ltr'><strong>est</strong></span> <span class='ocrx_word' id='word_1_337' title='bbox 675 3084 725 3120; x_wconf 87' lang='lat' dir='ltr'><strong>ad</strong></span> <span class='ocrx_word' id='word_1_338' title='bbox 751 3085 984 3131; x_wconf 87' lang='lat' dir='ltr'><strong>promissum</strong></span> <span class='ocrx_word' id='word_1_339' title='bbox 1012 3085 1110 3121; x_wconf 88' lang='lat' dir='ltr'><strong>haec</strong></span> <span class='ocrx_word' id='word_1_340' title='bbox 1137 3085 1256 3120; x_wconf 86' lang='lat' dir='ltr'><strong>verba</strong></span> <span class='ocrx_word' id='word_1_341' title='bbox 1283 3084 1491 3130; x_wconf 89' lang='lat' dir='ltr'><strong>pertinere.</strong></span> 
     </span>
    </p>

    <p class='ocr_par' dir='ltr' id='par_1_18' title="bbox 322 3143 1547 3191">
     <span class='ocr_line' id='line_1_40' title="bbox 322 3143 1547 3191; baseline 0.001 -13"><span class='ocrx_word' id='word_1_342' title='bbox 322 3144 360 3189; x_wconf 87' lang='grc'><strong>6)</strong></span> <span class='ocrx_word' id='word_1_343' title='bbox 387 3143 444 3178; x_wconf 88' lang='lat' dir='ltr'><strong>De</strong></span> <span class='ocrx_word' id='word_1_344' title='bbox 471 3154 580 3185; x_wconf 87' lang='lat' dir='ltr'><strong>voce,</strong></span> <span class='ocrx_word' id='word_1_345' title='bbox 608 3154 708 3190; x_wconf 84' lang='lat' dir='ltr'><strong>quae</strong></span> <span class='ocrx_word' id='word_1_346' title='bbox 735 3149 795 3180; x_wconf 86' lang='lat' dir='ltr'><strong>est</strong></span> <span class='ocrx_word' id='word_1_347' title='bbox 820 3144 898 3186; x_wconf 68' lang='grc' dir='ltr'><strong>ὅρκῳ</strong></span> <span class='ocrx_word' id='word_1_348' title='bbox 924 3143 993 3191; x_wconf 87' lang='grc' dir='ltr'>(ΕΙ.</span> <span class='ocrx_word' id='word_1_349' title='bbox 1023 3144 1083 3190; x_wconf 80' lang='lat'><strong>47)</strong></span> <span class='ocrx_word' id='word_1_350' title='bbox 1110 3144 1159 3181; x_wconf 81' lang='lat' dir='ltr'><strong>cs.</strong></span> <span class='ocrx_word' id='word_1_351' title='bbox 1186 3144 1279 3190; x_wconf 89' lang='lat' dir='ltr'><strong>Cap.</strong></span> <span class='ocrx_word' id='word_1_352' title='bbox 1305 3146 1348 3179; x_wconf 83' lang='lat' dir='ltr'><strong>de</strong></span> <span class='ocrx_word' id='word_1_353' title='bbox 1370 3146 1547 3190; x_wconf 72' lang='lat' dir='ltr'><strong>perturio.</strong></span> 
     </span>
    </p>

    <p class='ocr_par' dir='ltr' id='par_1_19' title="bbox 278 3201 1988 3310">
     <span class='ocr_line' id='line_1_41' title="bbox 325 3201 1988 3250; baseline 0.001 -14"><span class='ocrx_word' id='word_1_354' title='bbox 325 3203 360 3247; x_wconf 91' lang='lat'><strong>7)</strong></span> <span class='ocrx_word' id='word_1_355' title='bbox 400 3202 483 3244; x_wconf 66' lang='grc' dir='ltr'><strong>ὅμως</strong></span> <span class='ocrx_word' id='word_1_356' title='bbox 519 3201 554 3236; x_wconf 69' lang='grc' dir='ltr'><strong>δῦ</strong></span> <span class='ocrx_word' id='word_1_357' title='bbox 589 3201 682 3244; x_wconf 60' lang='lat' dir='ltr'><strong>nizo,</strong></span> <span class='ocrx_word' id='word_1_358' title='bbox 707 3203 831 3250; x_wconf 84' lang='lat' dir='ltr'><strong>inquit</strong></span> <span class='ocrx_word' id='word_1_359' title='bbox 854 3203 1144 3250; x_wconf 84' lang='lat' dir='ltr'><strong>Neoptolemus,</strong></span> <span class='ocrx_word' id='word_1_360' title='bbox 1172 3205 1256 3240; x_wconf 68' lang='grc' dir='ltr'><em>Ζῆνα</em></span> <span class='ocrx_word' id='word_1_361' title='bbox 1283 3201 1418 3244; x_wconf 56' lang='lat' dir='ltr'><strong>&amp;amau</strong></span> <span class='ocrx_word' id='word_1_362' title='bbox 1443 3206 1543 3236; x_wconf 69' lang='lat' dir='ltr'><strong>nam.</strong></span> <span class='ocrx_word' id='word_1_363' title='bbox 1572 3202 1656 3238; x_wconf 89' lang='lat' dir='ltr'><strong>Iure</strong></span> <span class='ocrx_word' id='word_1_364' title='bbox 1684 3202 1847 3239; x_wconf 86' lang='lat' dir='ltr'><strong>iurando</strong></span> <span class='ocrx_word' id='word_1_365' title='bbox 1873 3203 1988 3249; x_wconf 80' lang='lat' dir='ltr'><strong>igitur</strong></span> 
     </span>
     <span class='ocr_line' id='line_1_42' title="bbox 278 3261 1250 3310; baseline 0.001 -11"><span class='ocrx_word' id='word_1_366' title='bbox 278 3261 446 3299; x_wconf 78' lang='lat' dir='ltr'><strong>affirmat</strong></span> <span class='ocrx_word' id='word_1_367' title='bbox 470 3273 512 3298; x_wconf 83' lang='lat' dir='ltr'><strong>se</strong></span> <span class='ocrx_word' id='word_1_368' title='bbox 540 3262 743 3299; x_wconf 85' lang='lat' dir='ltr'><strong>consilium</strong></span> <span class='ocrx_word' id='word_1_369' title='bbox 771 3263 925 3310; x_wconf 79' lang='lat' dir='ltr'><strong>cepisse</strong></span> <span class='ocrx_word' id='word_1_370' title='bbox 952 3263 1082 3300; x_wconf 88' lang='lat' dir='ltr'><strong>omnia</strong></span> <span class='ocrx_word' id='word_1_371' title='bbox 1107 3263 1250 3300; x_wconf 85' lang='lat' dir='ltr'><strong>dicere.</strong></span> 
     </span>
    </p>
   </div>
  </div>
 </body>
</html>
