2392 3750
1208 347 1262 392 72

377 468 608 522 Euripides
656 475 814 520 narrat,
864 469 936 511 ubi
983 468 1365 524 Agamemnonem
1406 470 1572 511 inducit
1619 476 1876 524 querentem
1923 476 2091 512 temere

376 541 595 593 principes
627 540 735 582 haec
767 555 865 583 esse
897 540 1115 594 pollicitos
1138 537 1188 594 ¹).

435 611 504 652 Ius
537 612 780 662 iurandum,
814 613 935 666 quod
966 612 1208 653 maximum
1231 625 1328 653 esse
1347 612 1648 654 caeremoniae
1665 612 1899 654 sollemnes
1916 613 2091 655 additae

375 684 616 725 ostendunt
635 681 683 737 ²),
737 689 948 733 servatur,
997 683 1197 737 quamvis
1230 683 1314 724 hoc
1347 684 1403 725 sit
1436 683 1629 725 difficile.
1663 683 1810 726 Duces
1843 684 2091 726 Menelaum

375 761 619 808 sequuntur
650 754 865 796 Helenam
900 761 1222 807 recuperatum.

436 824 589 879 Amzssg.
628 827 719 877 184.
769 825 903 868 Creo:
953 823 1032 875 ἐγὼ
1076 823 1170 876 γὰρ,
1206 827 1330 874 iurat,
1379 824 1463 867 οὔτ’
1506 824 1557 867 ἂν
1597 826 1844 876 σιωπήσαιμι
1887 824 1959 873 την
1991 823 2093 874 ἄτην

376 895 468 948 ὁρῶν
501 895 744 948 στέιχουσαν
777 896 915 943 οἰστοῖς
935 928 945 938 .
967 929 975 938 .
996 929 1004 937 .
1026 928 1035 937 .

435 967 591 1020 Causa,
626 982 703 1010 eur
733 975 823 1010 tam
856 981 1059 1024 magnam
1091 968 1429 1010 affirmationem
1447 969 1666 1020 adhibeat,
1686 975 1754 1011 est
1770 968 1898 1021 nulla,
1918 969 2093 1023 saepius

377 1041 418 1081 in
461 1041 541 1082 hac
574 1041 800 1096 tragoedia
832 1040 977 1081 verbis
1010 1039 1150 1081 utitur
1182 1040 1400 1091 maximis,
1434 1042 1614 1082 minime
1647 1054 1695 1082 se
1726 1041 1866 1082 virum
1899 1046 2094 1094 praestat

375 1111 608 1165 placidum.
643 1112 871 1153 Iracundia
902 1112 1186 1165 perturbatus
1218 1112 1293 1153 vix
1325 1113 1392 1153 sui
1424 1112 1599 1154 videtur
1630 1126 1813 1166 compos
1831 1110 1883 1167 ³).

435 1182 586 1237 Antig.
621 1183 708 1235 264
738 1183 839 1238 vigil
860 1184 920 1224 ait
938 1197 985 1224 se
1004 1183 1239 1237 sociosque
1258 1196 1362 1225 suos
1380 1190 1558 1237 paratos
1576 1184 1710 1226 fuisse
1727 1185 1972 1226 iuramento
1990 1196 2092 1226 con-

375 1255 548 1296 firmare
581 1256 728 1309 itaque
761 1255 1003 1296 maximum
1036 1255 1141 1296 dare
1174 1255 1368 1296 veritatis
1400 1255 1726 1298 testimonium:
1758 1254 1803 1297 τὸ
1831 1254 1936 1305 μήτε
1951 1253 2093 1307 δρᾶσαι

376 1326 482 1376 μήτε
515 1341 570 1377 τῳ
602 1323 819 1375 ξυνειδέναι
847 1324 892 1367 τὸ
914 1323 1095 1376 πράγμα
1114 1323 1382 1370 ,Βουλεύσαντι
1401 1326 1496 1375 μη’τΙ
1518 1322 1779 1378 εἶργασμένῳ·
1812 1326 1926 1369 Nihil
1945 1334 2094 1369 tamen

376 1412 476 1441 cum
493 1399 577 1440 hoc
596 1400 807 1440 facientes
824 1398 1104 1451 proficerent,
1118 1397 1234 1444 τέλος
1251 1396 1285 1438 δ’
1305 1395 1362 1438 ἔτ’
1380 1397 1504 1445 οὐδὲν,
1522 1399 1639 1440 idern
1657 1399 1812 1454 pergit,
1830 1395 1872 1446 ἦν
1891 1397 2094 1449 ἐρευνῶσιν

374 1469 510 1518 πλέον,
542 1483 655 1512 unus
688 1483 745 1512 ex
777 1471 828 1511 iis
860 1470 1032 1511 dixerat
1058 1471 1111 1516 ὡς
1141 1467 1342 1510 ἀνοιστέον
1358 1467 1415 1511 σόι
1434 1469 1611 1523 (Creoni
1628 1471 1707 1516 sc.)
1725 1468 1886 1521 τοῦργον
1903 1469 1959 1518 εἴη
1976 1471 2093 1511 τοῦτο

375 1541 495 1594 κούχὶ
528 1540 720 1594 κρυπτέον
741 1539 785 1595 ’·).
819 1542 930 1596 Regi
962 1548 1110 1583 tamen
1138 1555 1193 1583 ne
1226 1542 1473 1583 iuramento
1504 1541 1654 1584 oblato
1683 1542 1861 1596 quidem
1878 1541 2094 1596 persuasit

375 1629 423 1657 se
440 1615 675 1669 sociosque
693 1628 791 1655 esse
813 1613 940 1667 culpa
956 1627 1132 1665 vacuos,
1151 1614 1314 1668 quippe
1331 1614 1406 1668 qui
1422 1627 1486 1655 vs.
1507 1624 1593 1665 304
1608 1627 1704 1668 sqq.
1723 1614 1888 1656 iuratus
1905 1613 2095 1656 affirmet

375 1699 541 1741 poenas
572 1687 851 1742 gravissimas
884 1699 961 1727 eos
992 1686 1187 1736 daturos,
1220 1685 1302 1726 nisi
1335 1685 1536 1727 maleficii
1567 1691 1794 1727 auctorem
1825 1685 2033 1727 indicent.

435 1758 504 1800 Ius
537 1759 766 1800 iurandum
801 1757 930 1812 igitur
963 1757 1203 1810 opponitur
1237 1757 1317 1799 iuri
1350 1758 1547 1799 iurando.

444 1829 514 1871 Vs.
561 1840 647 1881 329
687 1829 787 1885 vigil
830 1835 1054 1870 asseverat
1086 1841 1313 1882 nunquam
1346 1842 1394 1870 se
1425 1842 1725 1870 reversurum:
1759 1827 1828 1869 οὐκ
1859 1825 1954 1869 ἔσθ’
1988 1826 2093 1876 ὅπως

374 1899 452 1954 ἔφη
486 1899 534 1941 σὺ
567 1899 670 1951 δεῦρ’
705 1898 881 1941 ἐλθόντα
901 1914 966 1950 με.
987 1899 1280 1941 Nihilominus
1298 1899 1521 1956 Antigona
1538 1900 1824 1954 deprehensa,
1845 1901 2091 1953 revertitur,

375 1974 496 2028 quod
527 1973 625 2027 ipse
659 1973 816 2015 mirum
849 1985 947 2013 esse
979 1970 1238 2026 intellegens
1270 1985 1334 2013 vs.
1369 1973 1453 2022 388
1487 1971 1546 2012 ita
1578 1978 1782 2013 excusat:

793 2041 915 2092 ἄναξ,
948 2040 1143 2094 βροτοῖσιν
1176 2041 1282 2083 οὐδὲν
1315 2041 1399 2083 ἐστ’
1427 2040 1645 2092 ἀπώμοτον

793 2113 931 2166 ψεύδει
964 2112 1045 2165 γὰρ
1077 2114 1098 2163 ἧ
1131 2112 1275 2155 ’πίνοια
1308 2113 1377 2161 την
1408 2111 1633 2163 γνώμην..
1652 2146 1691 2155 ..

676 2219 715 2228 ..
738 2218 745 2228 .
767 2219 776 2229 .
794 2185 873 2235 ἥκω
904 2184 954 2227 δι’
987 2183 1106 2237 ὅρκων
1136 2184 1286 2237 καίπερ
1319 2183 1367 2226 ὤν
1398 2183 1624 2236 ἀπώμοτος

791 2255 902 2309 κόρην
939 2256 1048 2307 ἄγων
1080 2255 1187 2306 τήνδ’
1221 2271 1318 2312 sqq.
1339 2254 1371 2310 ⁵)

375 2333 431 2374 de
463 2333 622 2386 quibus
654 2332 799 2373 verbis
831 2336 934 2384 post
965 2329 1101 2383 plura.

427 2458 458 2499 1)
485 2456 533 2492 cf.
559 2456 640 2502 Iph.
668 2455 712 2490 A.
730 2463 773 2499 57
800 2465 906 2500 sqq.:
930 2453 1006 2487 ὅτου
1031 2453 1114 2495 ’γυνῆ
1139 2451 1270 2495 γένοιτο
1295 2451 1451 2495 Τυνδαρις
1475 2455 1547 2496 κόρη

923 2511 1032 2555 τούτῳ
1059 2514 1264 2554 συναμυνεῗν,
1290 2512 1324 2546 ll
1343 2525 1394 2550 τις
1421 2513 1455 2546 ἐκ
1479 2512 1583 2555 δόμων
1607 2513 1716 2556 λαβών

924 2572 1054 2615 ὀίχοιτο
1079 2574 1136 2606 τὸν
1162 2577 1195 2605 τ’
1207 2571 1323 2615 ’ἔχοντ’
1349 2573 1496 2612 ἀπωθοίη
1521 2572 1643 2616 λέχους

926 2631 1224 2675 κάπιστρατεύσειν
1249 2632 1306 2666 καῖ
1330 2633 1562 2674 κατασκάψειν
1587 2635 1681 2667 πόλιν

921 2692 1059 2732 (Ἕλλην’
1083 2693 1196 2735 ὁμοίως
1222 2694 1419 2735 βαρβαρόνθ’
1444 2695 1549 2727 ὅπλων
1576 2692 1677 2735 μίτοι.

424 2742 473 2778 cf.
499 2742 770 2786 Thuc.1,9‚
802 2754 829 2777 1.

424 2807 460 2844 2)
486 2802 536 2837 cf.
561 2813 597 2848 p.
626 2813 681 2846 33.
709 2801 790 2848 Iph.
817 2801 862 2837 A.
888 2813 964 2837 vss.
992 2805 1050 2846 58,
1083 2803 1140 2836 66.

423 2865 459 2906 3)
483 2862 531 2898 cf.
559 2862 687 2908 Antig.
720 2872 799 2905 304,
823 2863 904 2905 484,
930 2863 1012 2906 758,
1046 2872 1146 2902 1040.

424 2923 461 2965 4)
486 2921 678 2963 ἀντωμοσία
703 2922 741 2957 in
767 2921 912 2957 iudicio
944 2922 1204 2957 iuramentum
1231 2920 1307 2956 tale
1333 2920 1548 2963 dicebatur,
1583 2932 1662 2968 quo
1688 2932 1777 2957 reus
1805 2921 2023 2958 affirmabat
2049 2933 2092 2958 se

375 2992 463 3017 esse
501 2982 761 3018 innocentem.
799 2981 1058 3017 Iuramentum
1097 2981 1224 3027 vigilis
1251 2986 1381 3016 tamen
1408 2981 1569 3017 similius
1595 2987 1654 3017 est
1681 2982 1899 3018 iuramento
1924 2983 2092 3018 testibus

375 3041 516 3082 dando,
544 3042 577 3076 si
599 3041 691 3076 nihil
718 3041 757 3076 hi
786 3041 975 3076 haberent
1003 3040 1053 3076 ad
1079 3040 1314 3084 testandum,
1340 3038 1506 3082 ἐξωμοσία
1538 3041 1601 3076 cui
1625 3051 1778 3076 nomen.
1818 3041 1882 3086 (cf,
1909 3042 2093 3077 Meier-

375 3100 577 3137 Schom.
616 3111 650 3135 ο.
678 3099 699 3134 l.
727 3111 763 3146 p.
789 3103 880 3136 881:
919 3111 984 3135 um
1023 3099 1085 3135 die
1121 3097 1284 3141 ἐξωμοσία
1311 3111 1357 3135 zu
1382 3099 1532 3143 leisten,
1559 3100 1595 3135 d.
1623 3100 1658 3137 h.
1686 3111 1732 3136 zu
1757 3101 1973 3144 schworem
2001 3101 2093 3137 dass

376 3170 417 3194 er
444 3159 572 3194 nichts
596 3170 672 3194 von
699 3160 767 3194 der
794 3159 921 3195 Sache
948 3160 1076 3203 wisse,
1102 3160 1199 3195 fiber
1226 3159 1288 3195 die
1316 3159 1400 3195 sein
1429 3159 1613 3206 Zeugniss
1640 3159 1815 3207 verlangt
1843 3161 1984 3196 werde.

424 3222 460 3263 5)
486 3229 561 3254 vss.
589 3229 699 3262 342-
709 3229 777 3262 394
803 3219 958 3265 spurios
985 3225 1122 3255 censet
1149 3219 1222 3254 Me
1238 3229 1259 3254 c
1276 3219 1323 3254 kl
1340 3229 1394 3255 er
1421 3218 1471 3256 cf.
1497 3218 1679 3255 Teubner
1706 3219 1765 3255 ed.
1781 3231 1817 3266 p.
1833 3219 1963 3265 LXV;
1989 3220 2093 3256 idem

375 3278 639 3324 suspicionem
666 3283 825 3314 movent
849 3278 1024 3314 Nauckii.
