2392 3750
1066 367 1113 411 51

236 491 510 546 significant:
544 503 674 543 quam
709 503 862 532 verum
894 496 976 540 est,
1011 503 1112 531 eum
1144 503 1243 531 esse
1275 491 1495 545 ignavum,
1529 496 1618 531 tam
1637 503 1788 532 verum
1809 496 1890 532 est.
1910 521 1951 532 ..

295 562 456 604 Forma
486 563 664 614 quidem
696 561 805 603 haec
837 562 972 603 verba
1003 562 1107 602 iuris
1140 561 1308 603 iurandi
1341 567 1444 603 sunt
1473 561 1653 614 inclusa,
1672 561 1786 602 iusta
1802 567 1950 603 tamen

234 632 490 683 iuramenta,
524 633 624 674 licet
651 633 737 674 dici
769 632 953 683 soleant,
988 632 1192 674 habenda
1225 646 1314 674 non
1348 639 1450 674 sunt
1469 630 1514 684 ¹).
1549 631 1718 674 Omnes
1735 633 1952 675 eiusmodi

235 706 461 755 formulae,
495 718 595 746 curn
628 704 737 755 illae,
793 705 836 745 in
876 705 1036 757 quibus
1082 717 1161 757 per
1192 703 1358 745 fulmen
1405 703 1520 745 Iovis
1559 704 1737 755 iuratur,
1765 711 1840 746 aut
1873 718 1952 757 per

235 775 490 829 Olympum,
524 782 618 818 tum
649 775 745 826 hae,
779 776 822 816 in
855 776 1014 828 quibus
1041 776 1226 830 ignavia,
1260 775 1385 826 fides,
1418 775 1535 817 aliud
1567 775 1674 828 quid
1707 776 1950 827 invocatur,

233 854 327 889 tum
361 862 452 899 eae,
486 861 599 901 quae
635 848 762 888 aliam
796 848 982 888 formam
1017 847 1179 888 habent
1213 847 1407 888 medium
1435 846 1580 888 locum
1607 845 1730 899 quasi
1749 847 1951 888 obtinent

234 920 346 960 inter
377 921 540 961 iustum
574 921 641 961 ius
674 920 904 961 iurandum
937 925 1071 971 atque
1100 931 1266 959 meram
1300 918 1652 960 affirmationem.
1717 918 1837 960 ldem
1865 919 1950 960 hoc

232 991 319 1033 dici
350 998 498 1044 potest
529 993 585 1034 de
617 991 834 1032 eiusmodi
867 989 1065 1041 formula,
1100 1002 1232 1043 quam
1265 990 1379 1032 Creo
1413 990 1517 1032 Ant.
1549 1000 1636 1041 304
1667 1003 1715 1032 se
1747 1004 1950 1032 severum

233 1062 327 1104 fore
360 1063 595 1115 affirmans,
623 1063 831 1104 adhibet:
865 1061 966 1102 ἀλλ’
999 1058 1120 1113 εἴπερ,
1154 1063 1229 1116 qui
1257 1063 1412 1116 inquit,
1445 1059 1554 1114 ἴσχει
1587 1059 1687 1108 Ζεὺς
1706 1059 1764 1103 ἔτ’
1790 1059 1834 1112 ἐξ
1856 1061 1950 1112 ἐμοῦ

232 1131 376 1183 σέβας,
408 1130 451 1175 εὖ
483 1134 593 1176 τοῦτ’
612 1132 799 1175 {widrad
834 1130 959 1186 δ’ρκιός
990 1131 1032 1174 δέ
1065 1147 1122 1174 σοι
1156 1132 1264 1182 λέγω
1283 1132 1330 1187 2).

293 1206 499 1248 Formam
546 1207 650 1248 iuris
697 1206 879 1257 iurandi,
926 1218 1013 1258 qua
1059 1206 1123 1246 vis
1169 1212 1417 1261 augeretur,
1466 1206 1705 1256 imitantur,
1753 1218 1811 1246 ex
1859 1205 1950 1246 iure

231 1278 428 1329 iurando,
464 1279 640 1330 quicum
674 1292 759 1320 una
790 1277 994 1333 leguntur
1027 1278 1143 1330 apud
1176 1290 1332 1318 omnes
1378 1278 1470 1319 sere
1503 1278 1756 1331 scriptores,
1790 1278 1950 1318 extite-

230 1355 343 1401 runt,
391 1351 736 1403 saepissimeque
777 1349 1082 1392 difficillimum
1125 1355 1192 1390 est
1240 1350 1510 1404 distinguere
1556 1362 1611 1390 an
1644 1350 1807 1391 iustum
1839 1349 1951 1390 iura-

230 1429 429 1463 mentum
461 1422 690 1463 habendae
739 1423 825 1463 sint
872 1435 926 1463 an
975 1421 1211 1462 affirmatio
1252 1422 1437 1477 gravior.
1487 1421 1590 1475 Quo
1631 1422 1771 1476 tnagis
1804 1434 1950 1462 sermo

230 1493 459 1535 descendit
491 1495 548 1536 ad
580 1507 832 1535 sermonem
880 1493 1116 1549 vulgarem,
1161 1506 1215 1534 eo
1247 1494 1390 1534 minus
1423 1499 1629 1535 accurate
1661 1494 1773 1534 inter
1805 1493 1948 1546 ipsum

229 1564 524 1607 iuramentum
570 1551 998 1618 affirmationemque
1040 1578 1207 1606 meram
1255 1565 1549 1620 distinguitur,
1613 1577 1756 1618 eoque
1801 1565 1950 1618 plures

230 1636 479 1678 huiusmodi
526 1637 740 1678 formulae
790 1637 1053 1678 adhibentur
1070 1634 1119 1691 ³).
1154 1636 1299 1678 Etiam
1330 1643 1482 1678 nostra
1513 1643 1659 1678 aetate
1690 1637 1805 1678 iusta
1837 1637 1949 1678 iura-

229 1715 380 1750 menta
411 1722 499 1750 non
531 1709 574 1749 in
605 1722 682 1750 ore
730 1715 958 1750 versantur
1004 1707 1145 1761 plebis
1178 1709 1257 1750 sed
1290 1709 1332 1750 in
1365 1709 1541 1759 iudicio,
1581 1709 1636 1750 ad
1654 1709 1948 1764 magistratus,

228 1781 349 1833 quod
381 1781 498 1822 idem
529 1782 641 1822 inter
674 1780 870 1823 Graecos
903 1781 963 1821 ita
1010 1781 1158 1831 fuisse,
1206 1780 1332 1821 facile
1375 1781 1683 1833 unusquisque
1717 1780 1947 1822 concedet.

229 1852 322 1894 Nec
355 1853 512 1894 mirum
559 1867 611 1894 ea
643 1854 698 1895 de
731 1867 792 1904 re,
840 1853 958 1906 apud
990 1853 1181 1908 tragicos
1213 1866 1376 1905 paucas
1408 1859 1580 1894 tantum
1614 1853 1742 1894 huius
1776 1853 1948 1907 generis

229 1923 438 1966 formulas
465 1925 659 1966 inveniri.
693 1925 734 1966 A
767 1937 971 1965 sermone
1005 1924 1170 1979 vulgari
1205 1925 1322 1966 enim
1355 1925 1485 1980 longe
1518 1925 1770 1975 abhorrent,
1801 1937 1948 1965 sermo

229 1996 425 2049 inprimis
472 1997 590 2050 apud
624 1995 892 2049 Aeschylum
927 2002 971 2038 et
1019 1994 1287 2049 Sophoclem
1321 2002 1389 2037 est
1422 1996 1599 2051 grandis
1632 2007 1796 2048 easque
1829 1995 1946 2037 locu-

228 2068 386 2119 tiones,
419 2080 532 2121 quae
564 2069 679 2110 vitae
714 2068 960 2110 cotidianae
994 2069 1081 2109 sint
1114 2069 1318 2121 propriae
1353 2067 1613 2121 plerumque
1646 2069 1823 2110 evitant.

288 2139 377 2181 Iam
410 2140 492 2181 alia
524 2147 591 2182 est
625 2154 770 2191 causa,
805 2153 881 2182 cur
913 2141 1138 2181 notatione
1171 2141 1352 2195 dignum
1387 2140 1586 2182 videatur
1618 2140 1736 2194 apud
1754 2140 1946 2195 tragicos

228 2218 385 2265 poetas
431 2225 583 2265 pauca,
629 2213 751 2265 quod
801 2226 860 2253 sc.
912 2225 970 2252 ex
1018 2211 1176 2252 fabulis
1215 2210 1378 2252 relictis
1425 2212 1622 2252 derivare
1655 2211 1796 2263 liceat,
1833 2212 1946 2252 eius-

229 2284 348 2326 modi
381 2284 623 2326 iuramenta
656 2284 752 2339 legi.
816 2284 994 2325 Etenim
1040 2284 1119 2324 iuri
1152 2284 1337 2324 iurando
1385 2283 1719 2336 quodammodo
1770 2284 1945 2324 obtrec-

227 2363 335 2403 tant,
383 2357 476 2409 ipsa
525 2357 709 2398 deorum
757 2355 1038 2406 contestatio,
1087 2367 1220 2407 quam
1268 2355 1369 2396 iusti
1419 2355 1522 2396 iuris
1571 2354 1741 2396 iurandi
1774 2361 1944 2407 partem

227 2428 527 2483 gravissimam
561 2441 659 2469 esse
690 2441 823 2481 supra
853 2427 1143 2476 ostendimus,
1192 2426 1235 2466 in
1278 2426 1399 2467 hisce
1433 2425 1643 2476 formulis,
1676 2437 1944 2479 quamquam

226 2501 400 2553 saepius
433 2500 706 2550 subauditur,
750 2510 838 2541 non
872 2499 1058 2552 amplius
1105 2499 1305 2539 sentitur.
1369 2498 1495 2540 Licet
1527 2498 1705 2551 proprie
1736 2499 1845 2540 deus
1878 2499 1946 2553 sit,

227 2572 301 2624 qui
333 2572 517 2627 pignora
547 2571 723 2614 laudata
754 2572 914 2625 accipit
963 2583 1044 2612 nec
1079 2584 1136 2611 ex
1170 2583 1340 2622 poenae
1379 2570 1634 2623 precatione
1666 2583 1755 2611 non
1787 2570 1946 2611 extite-

227 2645 311 2685 rint
343 2644 618 2693 devotiones,
666 2645 722 2686 ad
754 2656 920 2685 meram
966 2643 1304 2684 affirmationem
1352 2643 1437 2683 iam
1479 2642 1696 2684 accedunt
1742 2641 1824 2683 hae
1858 2642 1945 2683 for-

279 2824 311 2861 1)
337 2820 383 2856 cf.
402 2822 529 2857 Hirzel
557 2832 591 2858 o.
608 2822 629 2857 l.
655 2833 691 2868 p.
712 2831 773 2867 ¹35
789 2833 796 2855 :
814 2821 975 2864 ¹,Dieser
991 2821 1138 2867 Kampf
1153 2820 1347 2855 zwischen
1362 2820 1437 2856 den
1453 2820 1527 2855 Eid
1542 2819 1620 2855 und
1636 2820 1806 2855 anderen
1822 2820 1944 2856 Arten

227 2881 296 2915 der
318 2880 606 2928 Versichcrung
632 2882 699 2917 hat
727 2883 764 2917 in
792 2884 969 2927 spaterer
997 2881 1079 2916 Zeit
1106 2880 1274 2915 vielsach
1301 2881 1413 2915 einen
1441 2878 1651 2925 Ausgleich
1677 2879 1853 2915 dadurch
1878 2890 1944 2926 ge-

227 2939 382 2981 sunden,
409 2940 501 2976 dasz
530 2952 617 2976 man
644 2940 711 2976 auf
735 2941 842 2976 diese
870 2941 932 2976 die
960 2941 1077 2976 Form
1105 2940 1175 2975 des
1202 2939 1323 2975 Eides
1350 2938 1572 2985 tibertrug.”

276 3001 311 3045 2)
350 3000 596 3036 Adscribitur
636 3001 674 3036 in
711 3000 894 3036 scholiis:
930 3000 948 3033 ὅ
970 3000 1055 3032 ἐστιν
1082 3009 1090 3017 ·
1116 2999 1144 3032 εἷ
1180 3002 1262 3041 τιμῶ
1299 3001 1352 3031 καὶ
1377 3001 1462 3040 σέβω
1487 3000 1544 3031 τὸν
1571 2998 1635 3031 Δία
1660 2997 1717 3030 καῖ
1741 2998 1786 3040 μὴ
1811 2998 1944 3040 ἐπιορκῶ

226 3059 324 3092 αὐτόν
349 3060 397 3097 cs.
426 3059 566 3096 Scholl.
595 3065 728 3096 vetera
755 3061 815 3096 ed.
843 3060 1120 3106 Papageorgiu,
1149 3071 1184 3105 p.
1213 3069 1292 3102 233.
1320 3058 1368 3094 cf.
1395 3068 1484 3093 curn
1500 3059 1608 3093 hisce
1624 3058 1754 3093 verbis
1769 3057 1942 3104 Creonis,

227 3130 274 3155 ea
299 3130 400 3166 quae
427 3120 604 3167 leguntur
631 3121 720 3156 Ant.
751 3122 842 3164 48⁴;
869 3120 918 3157 O.
944 3120 987 3155 R.
1025 3121 1138 3163 1086;
1165 3118 1210 3155 Ο.
1238 3118 1319 3156 Col.
1346 3121 1427 3163 623,
1460 3121 1570 3162 1381;
1599 3117 1684 3153 alia.

276 3181 313 3223 3)
338 3178 386 3215 cf.
413 3179 684 3226 Schom·Lips,
710 3189 745 3215 o.
772 3179 793 3215 l.
821 3179 851 3214 11
878 3190 914 3225 p.
942 3189 1021 3223 277.

273 3238 370 3275 Item
408 3249 560 3286 preces,
586 3239 623 3274 in
650 3238 778 3275 indice
804 3244 989 3285 receptae
1016 3250 1044 3275 s.
1073 3250 1106 3275 v.
1133 3239 1205 3279 πρός
1243 3238 1335 3274 iuris
1363 3237 1513 3273 iurandi
1540 3237 1702 3273 formam
1732 3237 1942 3281 imitantur,

226 3299 382 3344 quicum
409 3298 577 3345 quodam
602 3298 720 3335 modo
745 3299 968 3335 cohaerent.
